3082 4664
714 285 920 346 „18...

254 455 332 541 Equ.
357 476 400 521 νε.
426 455 517 520 1276.
541 454 565 516 εἰ
587 453 639 537 μὲν
657 453 704 517 οὖν
721 455 880 544 ἄνθρωπος,
897 457 927 519 ὃν
942 458 983 519 δεῖ
998 457 1084 521 πολλ’
1098 462 1215 524 ἀκοῦσαι
1229 461 1276 523 καὶ
1290 462 1374 539 κακοὶ,

544 559 627 629 αὐτὸς
650 559 686 643 ἦν
709 561 838 644 ἔνδηλος,
855 560 906 624 οὐκ
929 564 962 624 ἂν
986 564 1086 652 ἀνδρὸς
1109 565 1257 651 ἐμνήσθην
1281 568 1374 654 φίλου·
1408 589 1435 632 ·.

191 681 196 692 ·
254 673 287 730 ut
310 664 368 730 hos
391 663 535 749 exemplo
559 675 638 744 utar,
661 665 720 729 etsi
743 667 891 732 aoristum
916 667 946 732 in
962 667 1095 754 apodosi
1111 670 1247 754 exhibet,
1263 671 1376 738 nilrilo·

254 769 355 832 minus
388 787 427 832 ea
457 776 514 848 est,
548 780 582 832 ut
616 769 690 832 verti
724 775 881 853 oporteat:
911 769 942 834 Si
971 770 1063 837 homo
1091 780 1175 840 esset
1201 775 1234 839 in
1264 774 1375 858 vulgus

254 880 355 948 notus,
373 891 434 936 uon
450 870 584 948 facerem
611 870 800 935 mentionem
824 871 926 938 amici.
961 871 996 938 ln
1012 874 1082 940 aliis
1098 877 1205 942 aoristi
1222 879 1375 964 exemplis

253 983 306 1039 aut
342 973 490 1059 apodosis
526 973 676 1056 temporis
713 975 876 1058 praeteriti
899 981 960 1041 'est
996 982 1052 1043 aut
1087 985 1155 1044 tota
1186 981 1374 1065 enuntiatio,

250 1077 327 1142 illud
352 1077 391 1141 de
417 1075 450 1140 V.
476 1097 518 1142 νε,
542 1078 614 1141 344.
644 1075 675 1138 oi
676 1078 755 1204 peip
782 1080 816 1139 ἄν
842 1076 949 1141 ποθ’
922 1101 1003 1150 ουτος
1026 1079 1097 1168 ἁνὴρ
1120 1089 1186 1146 τοῦτ
1188 1083 1369 1169 ’ἐτοδμησεν

251 1186 388 1268 terem*
367 1207 390 1246 ετ
406 1184 446 1268 μὴ
462 1172 611 1265 ξονορότη
614 1204 684 1252 carc
698 1182 733 1266 ην
752 1180 921 1248 dicendum
937 1191 994 1265 est,
1010 1183 1093 1250 hoc
1084 1206 1115 1250 m
1135 1185 1219 1252 Eccl.
1237 1210 1282 1256 νε.
1299 1191 1372 1257 407.
1392 1231 1396 1240 -

551 1311 606 1372 Εἶω
607 1285 633 1371 'f
646 1291 679 1350 ἂν
694 1289 787 1364 titolo,
812 1311 836 1352 et
857 1287 955 1377 παρὼν
979 1312 1157 1377 stuppeum.

252 1395 343 1460 valet.
322 1394 557 1478 tAtqueut,
592 1413 685 1477 quam
714 1393 812 1460 libere
847 1394 902 1459 luas
938 1395 1054 1466 formas
1087 1405 1181 1480 poeta
1214 1397 1372 1481 adhibeat,

250 1517 434 1580 cognoscas
460 1497 493 1561 in
522 1495 662 1562 eiusdem
691 1496 874 1564 comoediae
903 1521 945 1563 νε.
976 1501 1038 1563 422
1068 1500 1161 1584 plane
1195 1501 1305 1566 eadem
1341 1505 1373 1568 in

250 1622 345 1668 causa
357 1602 490 1667 aoristus
502 1601 537 1676 in
547 1606 678 1685 utroque
691 1602 831 1668 membro
843 1601 971 1685 legitur:
984 1605 1008 1665 εἰ
1019 1604 1176 1689 δ’ἐκεῖνάρε
1187 1607 1372 1694 προςέδηκεν,

249 1707 337 1777 οὐδεὶς
360 1708 622 1793 ἀντεχειροτόνησεν
646 1708 690 1767 ἄν.
754 1783 758 1792 ,

334 1811 462 1877 Praeter
495 1810 551 1876 has
585 1811 664 1876 duas
692 1809 815 1895 periodi
843 1811 1069 1878 condicionalis
1093 1814 1210 1879 formas
1239 1817 1372 1884 rariores
1406 1885 1413 1890 ,,
1461 1819 1467 1830 '

249 1937 303 1982 eas
327 1914 478 1982 adnotare
502 1913 663 1996 debemus,
689 1933 819 1998 quarum
843 1918 898 1979 aut
926 1921 1092 1999 utrumque
1120 1918 1292 1983 membrum
1317 1928 1373 1987 aut

166 2103 170 2110 Δ
248 2021 386 2106 protasis
398 2018 461 2084 salt
447 2025 510 2083 tem
528 2018 676 2082 aoristum
693 2022 841 2102 praestat
877 2016 1044 2084 Aoristus
1036 2039 1068 2084 m
1084 2025 1214 2104 utroque
1229 2025 1371 2090 membro

248 2133 357 2208 quater
378 2121 544 2187 invenitur.
590 2123 691 2204 Atque
715 2119 755 2184 de
778 2119 889 2185 tribus
900 2121 1064 2207 exemplis,
1079 2142 1159 2205 quae
1181 2123 1258 2190 adt
1245 2133 1367 2212 tempus

248 2226 451 2314 praeteritum
485 2223 642 2308 pertinent
675 2221 728 2305 (.V
758 2224 818 2288 461
852 2219 938 2289 ΕοοΙ.
966 2225 1039 2288 390.
1070 2227 1158 2308 422),
1184 2227 1262 2293 nihil
1294 2227 1365 2294 addi

247 2337 305 2417 pot
291 2336 357 2396 test
391 2326 605 2409 memorabile,
636 2333 780 2410 quartum
805 2346 842 2392 eo
866 2327 1027 2408 singulare
1054 2339 1110 2410 ost,
1137 2329 1218 2439 quod
1248 2342 1367 2418 tempus

246 2437 382 2500 futurum
405 2439 494 2518 spect
481 2437 539 2496 t:at
1345 2517 1346 2522 ρ

293 2537 379 2603 Ecol.
402 2556 446 2601 νε.
471 2534 542 2598 190.
565 2531 686 2609 τάλαιν’,
700 2533 817 2622 Αρροδ
812 2557 870 2616 την
895 2556 1025 2652 οομορας;
1050 2538 1182 2628 χαρίεντά
1204 2539 1265 2622 η’ᾰν

567 2640 745 2727 ἔδρασας,
723 2663 747 2702 ει
768 2638 843 2703 τοῦτ’
856 2641 936 2710 εἶπας
958 2641 987 2702 ἐν
1010 2643 1237 2727 τήκκλησίᾳ.

246 2755 366 2841 Nempe
388 2755 569 2838 Praxagora
589 2754 706 2820 factam
735 2774 804 2819 esse
832 2753 923 2837 fingit
951 2757 1129 2822 contionem
1157 2774 1266 2821 revera
1287 2775 1366 2820 non-

245 2863 318 2928 (lum
356 2861 505 2928 habitam.
555 2858 655 2926 Maior
680 2865 731 2926 est
765 2859 980 2944 exemplorum
1011 2882 1170 2945 numerus,
1196 2862 1228 2926 in
1257 2861 1367 2944 quibus

244 2965 426 3051 imperfecto
441 2963 589 3049 epodosis
601 2963 803 3048 pronuntiata
819 2969 949 3047 estque
965 2971 1163 3049 praesentem
1179 2965 1363 3049 plerumque

244 3090 346 3134 rerum
371 3066 588 3132 condicionem
613 3066 795 3150 respiciunt,
818 3065 903 3132 velut
930 3065 966 3131 V.
992 3087 1036 3133 νε.
1062 3068 1144 3130 1439
1159 3068 1195 3138 εἰ
1218 3068 1364 3152 ἐπίδεσμον

243 3176 339 3262 ἐπρίω,
362 3181 426 3236 νοῦν
450 3176 483 3235 ἂν
508 3173 582 3258 εἶχες
608 3171 734 3246 πλείονα,
762 3171 788 3236 sl
817 3170 959 3250 emisses,
986 3189 1070 3236 nuuc
1097 3188 1224 3254 saperes
1252 3155 1364 3255 ma'gis.

243 3280 304 3345 Sed
334 3279 384 3344 hic
411 3297 533 3362 quoque
561 3276 726 3360 aliquoties
754 3294 804 3340 res
837 3275 1025 3360 praeteritae
1061 3281 1190 3358 utroque
1225 3278 1364 3343 membro

208 3431 211 3436 -
244 3383 469 3462 significantur,
493 3381 585 3464 quale
608 3387 656 3446 est
678 3378 858 3463 exemplum
881 3378 1145 3444 nebarnensium:

344 3507 388 3551 νε.
414 3485 484 3550 136.
507 3489 606 3572 χρόνον
631 3483 682 3568 μὲν
705 3483 755 3547 οὐκ
778 3486 811 3544 ἀν
835 3483 907 3567 ἦρεν
931 3483 960 3545 ἐν
984 3482 1083 3570 Θρᾴκη
1106 3481 1205 3560 πολὺν,

419 3591 483 3656 Dio.
508 3594 548 3674 μοὶ
572 3590 612 3653 Δί’
626 3591 676 3653 οὐκ
699 3593 743 3664 ἀν,
767 3590 791 3650 εἰ
814 3590 914 3671 μισθόν
937 3611 968 3671 ηε
991 3588 1032 3672 μὴ
1056 3583 1152 3676 ’φερες
1174 3592 1272 3654 πολὺν·

373 3698 482 3764 Theos.
506 3697 593 3781 εἰμὴ
617 3699 747 3781 κατένειψε
770 3699 839 3781 χιόνι
861 3694 913 3778 τὴν
937 3695 1052 3782 Θρᾴκην
1076 3696 1157 3779 ὅλην.

274 3859 277 3866 .
326 3802 667 3889 Plusquamperfectum
693 3822 753 3866 uno
777 3799 922 3885 exemplo
945 3809 1094 3868 servatur.

283 3905 407 3973 Thesm.
433 3927 467 3972 vs
500 3909 572 3971 595.
596 3906 695 3994 ληρεῖς
710 3926 716 3939 ·
730 3902 785 3988 ἐγὼ
808 3905 862 3991 ηοὶρ
886 3903 936 3966 οὐκ
959 3906 992 3965 ἄν
1015 3903 1111 3987 ἦλθον
1135 3907 1271 3990 ἀηηελῶν,

594 4011 681 4096 εἰμὴ
706 4011 862 4093 ’πεπὺομην
885 4015 974 4072 ταῦτα
996 4016 1052 4073 τῖον
1076 4007 1146 4098 cu'p’
1160 4013 1282 4076 εἰδότων.

325 4115 511 4203 Temporum
540 4118 705 4197 rationem,
732 4134 823 4199 quam
854 4112 967 4180 Graeci
994 4115 1300 4202 plusquamperfecto
1329 4123 1361 4182 et

188 4209 191 4214 ’
240 4220 355 4286 aoristo
388 4227 620 4306 expresserunt,
655 4217 763 4284 addito
798 4215 839 4283 ad
867 4219 1017 4303 protasim
1047 4220 1197 4286 vocabulo
1227 4221 1359 4303 ,antea“
