3082 4664
683 319 872 378 ..7.„

217 509 369 575 obtinent.
414 505 517 584 Quare
541 504 686 590 exempla
707 503 854 590 apodosis
870 502 991 588 periodi
1012 502 1234 589 hypotheticae
1256 501 1337 567 indi·

216 612 317 676 cativo
339 610 435 676 futuri
463 610 586 695 positae
609 608 771 693 aptissime
798 606 849 671 hic
873 612 1164 672 commemorantur.
1207 604 1269 670 Vix
1290 615 1339 672 est

217 713 299 799 quod
315 731 472 794 moneam,
489 711 634 796 exempla
648 710 822 796 particulae
844 711 868 772 εί
894 709 1124 795 praepositivae
1146 707 1337 794 praevalere,

216 826 250 884 nt
271 817 372 885 trihus
393 821 515 882 tautum
536 815 614 881 locis
638 814 785 899 apodosis
804 815 922 898 protasi
944 812 1116 898 praecedat
1130 809 1181 895 (N.
1204 831 1248 877 vs.
1264 812 1336 876 413.

217 920 290 1007 hys.
314 940 357 986 vs.
383 919 464 982 1202
486 917 531 982 Pl.
556 937 600 983 vs.
623 915 712 1001 473),
735 917 878 982 omnihus
901 921 1008 982 autem
1030 915 1142 981 ceteris
1164 919 1236 980 octo
1259 913 1336 978 locis

215 1024 375 1106 legitimus
391 1021 554 1086 verborum
571 1018 648 1085 ordo
663 1027 812 1085 servetur.
857 1018 1065 1084 Luculentum
1079 1018 1227 1084 transitus
1242 1016 1335 1080 futuri

218 1124 259 1191 ad
279 1124 496 1210 imperativum
520 1121 709 1208 exemplum,
738 1142 798 1205 quo
822 1120 966 1206 exemplo
994 1121 1087 1187 simul
1115 1139 1205 1205 quem
1231 1119 1336 1184 locum

217 1228 264 1294 his
287 1227 456 1293 enuntiatis
472 1225 701 1306 assignavimus
717 1225 793 1290 satis
810 1224 1039 1309 comprobatur,
1062 1243 1126 1288 non
1144 1222 1335 1308 praeteribo:

215 1331 272 1398 Av.
289 1351 333 1395 vs.
351 1331 422 1396 762.
447 1331 471 1392 εἰ
494 1328 525 1392 δὲ
547 1334 675 1414 τυχχάνει
702 1350 743 1398 τις
771 1328 811 1390 ὢν
834 1317 913 1416 Φρὺξ
940 1326 1028 1411 μηθὲν
1057 1329 1142 1410 ἦττον
1164 1325 1334 1412 Σπινθάρου,

445 1434 579 1522 ιρρυχίλυς
602 1435 673 1522 ὄρνις
696 1432 791 1496 ἐνθάδ’
815 1433 899 1495 ἔσται·

447 1541 470 1601 εί
492 1538 523 1602 ht
544 1540 648 1610 θοῦλάς
670 1539 727 1602 ἐστι
749 1539 796 1601 καὶ
817 1539 881 1626 Κάρ
905 1538 999 1626 ὥσπερ
1020 1529 1232 1622 Ἐξηκεστίδης,

447 1649 564 1732 φυσάτω
587 1651 715 1714 πάππους
737 1642 802 1732 παρ’
826 1646 892 1729 ἡμῖν
915 1644 962 1706 καὶ
985 1651 1135 1732 φανοῦνται
1158 1650 1305 1732 φράτερες.

300 1747 402 1834 Saepe
419 1748 544 1832 accidit,
567 1758 601 1814 ut
617 1749 662 1814 rei
683 1747 778 1813 iidem
796 1750 863 1832 quis
885 1749 982 1814 faciat
998 1747 1219 1832 asseverando,
1242 1749 1269 1814 si
1290 1749 1335 1814 ita

215 1857 299 1916 esset
321 1856 376 1917 aut
398 1870 461 1917 non
484 1858 577 1934 esset,
601 1851 819 1933 gravissimum
848 1871 882 1917 se
904 1852 1092 1936 supplicium
1115 1852 1219 1918 suhire
1242 1871 1333 1937 para-

212 1961 278 2019 tum
302 1975 380 2021 esse.
427 1952 513 2031 Quae
545 1954 572 2020 si
593 1955 777 2042 imprecatio
804 1952 892 2019 modi
913 1955 1045 2039 optativi
1072 1955 1231 2020 enuntiato
1259 1974 1333 2020 coo·

214 2054 363 2122 dicionali
385 2056 572 2138 adnectitur,
595 2058 728 2140 protasis
750 2056 863 2122 modus
885 2057 1041 2122 interdum
1065 2056 1212 2143 apodosis
1239 2056 1333 2123 modo
1420 2125 1421 2130 ,

212 2167 414 2244 exaequatur,
437 2158 495 2226 sed
523 2158 608 2245 apud
630 2159 873 2246 Aristophanem
897 2160 1022 2245 quidem
1046 2162 1171 2246 saepius
1198 2161 1333 2246 protasis

211 2262 340 2329 modum
372 2263 578 2332 indicativum
613 2269 725 2329 servat.
772 2262 860 2328 Talia
899 2263 1047 2349 exempla
1083 2263 1142 2330 huc
1164 2265 1331 2349 pertinent,

211 2352 316 2448 qualia
338 2376 422 2433 sunt:
1024 2381 1027 2388 '

255 2469 333 2553 Equ.
350 2490 394 2536 vs.
409 2470 483 2536 400.
507 2469 530 2531 εί
554 2491 587 2532 σε
610 2469 651 2554 μὴ
675 2476 757 2552 prodr,
782 2472 911 2555 χευοίμην
935 2470 964 2532 ἐν
987 2469 1125 2558 Κρατίνου
1147 2470 1256 2533 κάθιον.
1281 2479 1313 2538 et

165 2637 167 2644 .
256 2575 334 2640 Aah.
352 2594 396 2640 vs.
414 2577 485 2640 151.
508 2574 616 2638 κάκιστ’
640 2576 808 2659 ἀπολοίμην,
834 2577 903 2638 εἴτι
925 2577 1031 2639 τούτων
1054 2577 1194 2660 πείθομαι.
1240 2571 1242 2576 ’

211 2678 406 2762 Quamquam
430 2677 613 2763 plerumque
635 2681 794 2766 optativus
817 2681 923 2746 aoristi
946 2686 1133 2763 πρηυτάτου
1156 2701 1219 2748 uon
1245 2678 1334 2745 deest

211 2781 391 2866 exemplum
407 2782 537 2865 optativi
558 2783 744 2867 praesentis,
761 2782 844 2866 quod
865 2783 951 2848 idem
971 2784 1072 2850 solum
1094 2785 1188 2849 tertia
1202 2783 1334 2869 optativi

212 2903 350 2970 persona
371 2883 507 2969 positum
530 2891 592 2947 est:

314 2985 348 3052 P.
365 3007 408 3054 vs.
426 2989 498 3052 444.
523 2989 565 3050 κεῖ
586 3009 628 3058 τις
650 2989 794 3073 ἐπιθυμῶν
816 2979 975 3078 ταξιαρχεῖν
998 3012 1041 3053 σοι
1059 2989 1158 3076 φθονεῖ
1213 2993 1216 3000 “

517 3093 547 3164 ἐς
570 3099 634 3179 ιρῑυς
657 3095 797 3171 ἀνελθεῖν,
822 3094 847 3157 (h
869 3092 965 3172 πότνι’,
990 3095 1018 3159 ἐν
1042 3102 1129 3158 ταῖοιν
1152 3099 1256 3181 μάχαις

516 3205 619 3286 πάσχοι
641 3222 672 3283 χε
694 3198 802 3263 τοιαῦθ’
827 3203 921 3289 οἷάπερ
944 3201 1126 3284 Κλεώνυμος.

284 3302 406 3370 Protasi
418 3303 629 3370 condicionali
642 3304 803 3371 indicativi
815 3307 991 3392 praesentis
1004 3305 1169 3389 aliquoties
1180 3303 1330 3370 iudicium

209 3404 373 3489 adhaeret,
407 3406 501 3490 quod'
524 3407 662 3492 optativo
697 3408 783 3473 socia
816 3410 972 3493 particula
1009 3411 1043 3472 ἄν
1076 3409 1239 3496 profertur.
1284 3404 1356 3494 lta,

209 3505 379 3592 Dionysius
402 3509 442 3575 de
457 3509 606 3594 Aeschyli
621 3509 740 3575 Herma
755 3509 909 3578 Chthonio
926 3512 1094 3579 admodum
1111 3510 1224 3594 frigide
1238 3509 1330 3576 Euri-

210 3609 293 3694 pidis
316 3630 493 3678 sermonem
514 3612 745 3698 interrumpens
767 3613 846 3679 Ran.
869 3635 904 3681 vs
929 3616 1011 3680 1148
1034 3636 1079 3699 sq.
1103 3615 1192 3681 dicite

489 3717 513 3778 εἰ
533 3716 587 3802 χάρ
609 3716 738 3804 πατρῷον
760 3718 792 3780 τά
815 3717 928 3804 χθόνιον
952 3719 1009 3806 ἔχει
1030 3723 1125 3808 χέρας,
1188 3765 1191 3774 .

374 3817 466 3884 Dion.
490 3821 581 3891 οθτως
604 3824 637 3885 ἂν
660 3823 704 3907 εἴη
728 3823 798 3911 πρὸς
819 3825 925 3912 πατρὸς
947 3825 1140 3915 τυμβωρύχος.

208 3919 342 4008 Trygaei
376 3943 483 3991 servus
509 3925 550 3991 de
583 3925 713 3993 deorum
738 3927 896 3995 lenocinio
926 3932 1038 3997 certior
1064 3932 1165 3999 iactus
1191 3951 1226 4000 se
1254 3928 1330 3996 deos

207 4044 271 4090 nou
293 4027 357 4090 iam
379 4025 549 4096 honoribus
572 4028 755 4095 affectnmm
778 4049 848 4098 esse
870 4032 1008 4100 affirmat
1028 4035 1061 4101 in

310 4129 383 4197 Pac.
400 4149 445 4198 vs.
462 4131 534 4196 848.
558 4133 609 4196 οὐκ
632 4136 666 4196 ἂν
689 4134 728 4196 ἔτι
749 4134 828 4219 θοίην
850 4143 907 4200 τῶν
930 4138 1008 4202 θεῶν
1031 4137 1195 4227 τριώβολον,

558 4240 582 4300 εἰ
603 4238 823 4326 πορνοβοσκοῦυ’
847 4241 942 4332 ὥσπερ
965 4247 1048 4330 ἡμεῖς
1071 4245 1095 4307 οἱ
1118 4243 1219 4333 βροτοί.
