3082 4664
647 276 859 338 ..15-

190 465 352 532 Enuntiati
374 462 606 531 condicionalis
638 463 790 544 membra,
819 461 846 528 si
880 459 921 527 ad
953 467 1078 545 tempus
1112 459 1316 544 praeteritum

189 566 291 638 relata
312 573 394 650 sunt,
417 567 533 631 aoristo
555 564 606 631 vel
627 564 812 650 imperfecto
831 561 1040 648 proferuntur.
1086 560 1182 647 Apud
1196 562 1317 627 Aristo-

179 670 328 756 phanem
354 670 461 735 aoristi
487 669 520 732 in
548 652 680 753 apodosi
707 665 863 733 enuntiati
888 663 1119 731 condicionalis
1148 664 1256 747 (cuius
1284 665 1317 729 in

104 773 106 778 '
191 772 312 858 protasi
334 772 468 838 aoristus
491 771 554 853 est)
581 768 761 854 exemplum
783 766 903 833 nullum
925 769 1026 853 reperi
1049 766 1176 850 (fragm.
1199 768 1241 832 5¹³·
1269 768 1318 833 in·
1403 759 1406 764 ’

195 883 279 942 certa
300 875 481 941 coniectura
503 865 737 954 effictumest),
760 871 937 956 imperfecti
960 869 1035 936 duo:

235 977 314 1062 Equ
330 999 375 1044 vs.
391 978 463 1042 347.
488 977 584 1039 εἵπου
606 977 714 1040 δικίδιον
737 977 817 1045 εἶπας
840 974 869 1038 εὖ
892 976 966 1037 κατά
988 963 1069 1047 ξένου
1092 976 1229 1058 μετοίκου,

296 1105 298 1109 ·
389 1082 461 1148 350.
484 1080 540 1168 ᾤου
563 1082 681 1152 δυνατὸς
702 1081 770 1143 εἶναι
792 1080 891 1163 λέγειν.
972 1105 974 1110 ’

250 1187 285 1255 Ρ.
301 1209 346 1255 vs.
365 1187 456 1252 1150.
479 1189 516 1272 ἦν
537 1171 568 1250 δέ
590 1188 637 1250 καὶ
658 1191 727 1256 πυός
741 1208 782 1260 τις
804 1186 882 1248 ἔνδον
908 1185 955 1248 καὶ
976 1185 1078 1271 luppo
1099 1187 1230 1272 τέτταρα,

484 1293 553 1364 εἴτι
575 1292 616 1376 μὴ
639 1282 786 1377 Ἐήνεφκεν-
806 1290 899 1353 αὐτῶν
921 1291 941 1374 ἡ
963 1291 1039 1375 pult
1062 1298 1115 1375 τῆς
1137 1290 1265 1378 ἑσπέρας.

193 1395 296 1465 Etiam
319 1397 352 1461 in
375 1396 434 1462 hoc
457 1416 573 1480 genere
595 1397 732 1482 protasis
755 1395 881 1480 saepius
904 1394 1034 1481 apodosi
1057 1393 1229 1480 praecedit.

278 1498 499 1584 Imperfectum
532 1500 566 1564 in
591 1499 710 1584 protasi
743 1497 954 1564 condicionali
979 1517 1051 1563 raro
1085 1496 1171 1582 apud
1195 1498 1318 1565 Aristo·

14 1609 16 1616 ’
74 1675 75 1680 1
192 1602 329 1687 phanem
352 1609 455 1668 exstat
477 1609 508 1668 et
530 1602 681 1685 singulari
703 1601 825 1666 ratione
847 1600 1031 1684 plerumque
1053 1601 1193 1665 infertur.
1238 1598 1320 1677 Quot

193 1706 340 1791 exempla
365 1712 412 1770 tot
441 1704 588 1791 apodosis
615 1705 737 1770 formae
762 1702 920 1785 leguntur,
948 1722 988 1767 ex
1022 1703 1133 1786 quibus
1161 1702 1319 1770 adnotabo

192 1811 328 1895 primum
358 1806 438 1874 Nub.
462 1828 507 1874 vs.
533 1807 625 1871 1150.

234 1914 413 1997 μεμάθηκεν,
439 1912 520 1975 1151
544 1909 604 1972 ὥστ
626 1910 778 1995 άποφυφοις
799 1912 834 1971 ἂν
856 1906 941 1994 ἥντιν’
964 1912 998 1971 ἂν
1021 1909 1113 1993 βούλῃ
1135 1912 1224 1995 δίκην.

347 2017 466 2101 Streps.
491 2017 533 2079 asi
554 2022 694 2104 μάρτυρες
715 2015 857 2103 παρῆσαν,
882 2013 922 2077 ὅτ’
945 2015 1148 2100 ἐδονειζάμηνς

377 2120 462 2187 Socr.
486 2121 588 2208 sollcrs
608 2144 640 2205 ps
662 2121 785 2204 μᾶλλον,
810 2124 861 2183 κᾶν
883 2127 993 2210 παρῶσι
1015 2122 1106 2208 χίλιοι.

193 2228 388 2295 Varietatem
411 2227 531 2293 formae
555 2225 782 2292 condicionalis
806 2246 845 2291 ex
867 2225 955 2291 varia
977 2228 1139 2310 utriusque
1162 2228 1321 2293 sententia

196 2330 365 2414 explicavit
386 2328 585 2399 Hermanuus
607 2327 662 2413 (de
685 2331 719 2392 ἄν
741 2335 813 2414 part
834 2347 865 2413 p.
894 2327 963 2413 26);
988 2347 1062 2394 nam
1084 2327 1169 2413 quod
1196 2328 1236 2396 de
1258 2349 1320 2396 uno

197 2429 279 2495 facto
302 2431 424 2497 dixerat
451 2430 659 2518 Strepsiades‚
682 2432 830 2498 Socrates
852 2431 999 2497 universe
1025 2431 1066 2497 de
1089 2433 1199 2517 quavis
1226 2431 1322 2498 simili

198 2549 298 2596 causa
320 2532 464 2598 affirmat.
508 2535 665 2621 Apodosis
687 2535 816 2602 verbum
838 2553 967 2619 prorsus
990 2532 1094 2601 deest:

197 2634 269 2720 Lys.
294 2653 338 2700 vs.
362 2636 433 2700 521.
467 2640 562 2724 ὀρδῶς
588 2663 620 2724 γε
646 2640 739 2722 λέγων
766 2639 801 2722 νὴ
829 2636 869 2700 Δί’
899 2638 1011 2708 ἐκεῖνος.
1035 2637 1109 2724 Lys.
1132 2645 1194 2730 πζος
1215 2639 1320 2726 ὀρδῶς,

467 2744 491 2803 εἰ
517 2744 589 2828 μηδὲ
615 2753 712 2815 κακῶς
739 2745 953 2828 βουλευομένοις
975 2733 1043 2829 ἐξῆν
1068 2744 1130 2828 ὑμῖν
1153 2744 1320 2822 ὑποδέσδαι,

196 2846 249 2912 ubi
277 2856 317 2911 ex
347 2845 488 2912 versibus
515 2850 775 2916 antecedentibus
804 2850 929 2936 ἔφασκεν
957 2849 1156 2932 subintellegi
1189 2869 1321 2918 necesse

196 2956 253 3016 est.
297 2945 384 3014 Nihil
407 2948 441 3013 in
470 2940 519 3015 his
548 2953 701 3038 exemplis
728 2953 947 3038 imperfectum
976 2952 1131 3036 significat
1158 2954 1218 3020 nisi
1253 2974 1321 3021 rem

197 3052 413 3136 praeteritam3
437 3050 592 3119 derebus
615 3055 735 3122 iteratis
758 3054 876 3122 dictum
899 3065 961 3122 est:

298 3152 345 3219 Pl.
362 3175 406 3220 vs.
424 3154 517 3219 1020.
540 3158 617 3226 ὄζειν
638 3179 669 3221 τε
691 3161 745 3243 τῆς
766 3169 864 3247 χροιᾶς
885 3160 1008 3248 ἔφασκεν
1031 3161 1085 3244 ἡδύ
1107 3183 1152 3243 με,

444 3258 515 3326 Chr.
544 3264 568 3324 εἰ
594 3262 701 3338 Θάσιον
724 3265 837 3352 ἐνέχεις,
875 3268 991 3336 εἰκότως
1018 3288 1049 3350 φε
1078 3266 1113 3350 νὴ
1141 3269 1202 3342 Δία,
1237 3265 1322 3350 quod

197 3364 296 3443 magis
319 3365 519 3449 perspicuum
544 3366 590 3448 lit,
614 3369 641 3432 si
664 3367 785 3435 duobus
809 3371 949 3436 versibus
969 3378 1043 3436 ante
1058 3378 1201 3456 poetam:
1224 3379 1322 3459 χεῖρας

197 3469 347 3549 παγκάλας
368 3470 442 3556 ἔχειν
465 3468 494 3554 μ’
508 3471 576 3558 ἔφη,
602 3473 685 3535 ὁπότε
706 3476 870 3562 προτείνοιέν
893 3498 923 3559 γε
946 3477 1077 3564 δραχμάς
1099 3476 1199 3538 εἴκοσιν
1222 3477 1321 3562 scrip·

198 3571 543 3760 ρίεοεοοῙρρίρυρρνοηου.
580 3574 772 3646 indicativus
794 3579 889 3646 futuri
911 3581 945 3644 in
970 3579 1100 3665 apodosi
1124 3587 1172 3647 est
1192 3581 1225 3646 in
1241 3580 1320 3666 Equ.

283 3774 517 3861 Explicavimus
533 3782 707 3866 particulae
729 3785 753 3846 εἰ
768 3802 838 3848 cum
861 3782 1031 3850 indicativo
1053 3788 1320 3855 consociationem

197 3900 278 3962 eam,
307 3900 387 3964 quae
413 3882 455 3948 ad
481 3905 531 3951 res
565 3907 637 3952 vere
664 3887 766 3954 iactas
793 3887 934 3952 refertur.
979 3886 1044 3952 Iam
1074 3888 1241 3956 dicendum
1273 3898 1322 3957 est

197 3982 237 4048 de
259 3983 359 4049 altero
381 4004 506 4066 genere,
531 3988 624 4072 qnod,
648 3991 789 4074 quamvis
813 3988 972 4054 diversum
994 3990 1139 4057 videatur
1165 4013 1184 4057 a
1206 3993 1320 4079 priore,

196 4093 303 4151 tamen
318 4085 395 4151 nihil
418 4087 511 4154 abeo
534 4089 650 4174 differt,
668 4092 800 4157 dicimus
823 4093 847 4154 εἰ
861 4093 1047 4178 particulam
1063 4115 1134 4160 cum
1151 4094 1320 4162 indicativo

195 4191 354 4272 praeteriti
371 4191 571 4258 coniunctam
585 4196 618 4260 in
635 4194 819 4261 condicione
835 4217 897 4262 non
914 4204 1046 4264 servata.
1090 4195 1185 4263 Modo
1204 4199 1320 4286 irreali‚
