3082 4664
681 261 891 322 ...14-

307 453 514 521 ludicativum
531 449 638 516 aoristi
653 449 685 514 in
703 449 821 533 protasi
836 447 1049 514 condicionali
1059 467 1155 532 saepe
1169 448 1202 512 in
1219 446 1351 536 epodosi

220 559 363 642 sequitur
379 556 567 623 indicativus
582 553 766 638 praesentis,
802 549 873 617 Non
887 552 995 617 omnia
1008 549 1092 635 apud
1109 550 1351 636 Aristophanem

222 661 373 746 exempla
395 660 556 727 notionem
572 653 823 720 condicionalem
837 663 903 720 tam
916 654 1075 735 sinceram
1097 658 1234 736 servant,
1257 649 1351 738 quam

248 838 250 842 ι
325 762 362 828 R.
378 784 424 830 vs.
441 763 513 825 613.
536 762 562 823 εἰ
583 757 690 822 πώποτ’
713 759 808 844 ἦλθον
830 759 916 845 δεῦρ’,
939 758 1037 822 ἐθέλω
1055 760 1235 850 τεθνηκέναι.
1299 767 1301 774 “

223 866 350 933 Accidit
373 867 478 945 etiam,
501 872 534 930 ut
550 862 762 929 declarandae
784 882 899 929 causae
922 865 946 926 εἰ
965 863 1124 932 inserviat.
1158 860 1287 929 Praeter
1301 864 1350 929 in·

226 971 396 1036 dicativum
411 968 585 1054 praesentis
601 968 633 1031 in
649 966 780 1052 apodosi
796 966 987 1035 indicativus
1002 967 1100 1034 futuri
1115 966 1238 1050 legitur,
1257 966 1350 1033 velut:

268 1073 346 1158 Equ.
363 1093 407 1138 vs.
424 1071 497 1135 482.
521 1073 572 1154 ἄηε
594 1070 630 1154 θη
654 1069 688 1133 σύ
710 1071 771 1133 τίνα
792 1077 856 1133 νούν
879 1072 899 1155 ἢ
920 1073 982 1134 τίνα
1003 1073 1119 1155 γνώμην
1142 1071 1225 1158 ἔχεις,

522 1176 579 1238 νυνί
600 1165 730 1251 θιθοίὲεις,
753 1176 828 1263 είπεφ
852 1177 1003 1266 ἀπεκρύψω
1025 1175 1092 1240 ποτὲ

521 1281 551 1351 ἐς
573 1279 614 1343 τιύ
636 1282 751 1367 κοχώνα
773 1282 804 1343 τύ
827 1284 921 1368 κμέας,
946 1281 987 1353 ὡς
1009 1281 1093 1351 αὐτὸς
1115 1281 1216 1365 λέγεις.
1241 1328 1243 1334 ,

226 1385 386 1450 Particula
407 1386 491 1473 εἴπερ,
509 1405 580 1451 oum
595 1386 692 1451 verba
707 1385 784 1451 nihil
800 1386 926 1452 valeant
940 1387 1015 1453 uisi:
1035 1393 1071 1452 ut
1085 1393 1189 1468 antea,
1205 1384 1351 1468 quotiens

227 1509 355 1554 carnem
377 1491 600 1572 furatuseras,
622 1493 747 1555 versuta
762 1496 794 1554 te
816 1489 946 1554 crimine
968 1488 1168 1575 expediebat,
1190 1488 1236 1554 ita
1257 1506 1351 1569 nunc,

227 1613 287 1677 quo
315 1594 358 1659 sis
385 1594 501 1674 animo,
529 1591 689 1674 osnndas,
718 1590 847 1658 deflexit
872 1611 893 1657 a
914 1593 944 1658 vi
967 1591 1180 1659 condicionali
1208 1592 1241 1655 iri
1265 1609 1351 1656 com·

226 1697 411 1781 parativam.
455 1695 542 1762 Idem
565 1693 713 1760 affirmari
742 1701 843 1779 potest
866 1695 906 1761 de
1325 1682 1328 1688 ’

303 1797 427 1864 Thesm.
443 1819 489 1866 vs.
507 1800 599 1862 1155.
623 1799 752 1881 μολετον,
776 1799 906 1876 ἔλθετον,
931 1797 1076 1881 ἀντόμεθ’,

507 1905 599 1968 1157.
624 1899 649 1966 εί
669 1904 716 1966 καὶ
737 1907 870 1992 πρότερόν
892 1902 954 1969 ποτ’
966 1905 1081 1989 ἐπηκόω

620 2009 738 2093 ἤλθετε,
753 2015 801 2072 νύν
817 2010 960 2096 ἀφίκεσθ’,
974 2011 1142 2094 ἱκετεύομεν,
1159 2004 1256 2070 ἐνθάδ’
1271 2008 1348 2091 ἡμῖν.

228 2111 435 2177 Grammatici
469 2121 500 2176 et
532 2113 720 2199 interpretes
754 2115 899 2200 copulam
932 2117 979 2179 καί
1005 2116 1037 2179 in
1069 2107 1229 2180 enuntiato
1256 2110 1350 2196 pleno

227 2219 300 2298 post
331 2214 356 2275 εἰ
388 2213 548 2295 insertam,
577 2235 656 2299 quae
689 2218 722 2281 in
748 2216 882 2300 formula
904 2221 990 2289 εἴτις
1018 2217 1065 2280 καὶ
1099 2217 1191 2284 ἄλλος
1224 2215 1351 2299 saepius

227 2318 372 2400 occurrit,
395 2337 436 2382 ue
458 2317 553 2382 verbo
576 2317 702 2401 quidem
726 2319 853 2402 dignam
877 2327 1074 2409 putaverunt.
1120 2319 1152 2385 Si
1174 2337 1352 2384 sermonem

227 2420 269 2485 ad
291 2419 458 2503 cogitandi
474 2440 617 2486 normam
640 2421 804 2504 direxeris,
825 2423 970 2508 legitima
992 2422 1129 2508 exempli
1150 2422 1253 2489 forma
1273 2420 1353 2488 haec

227 2525 300 2589 erit:
324 2526 348 2587 εἰ
371 2527 504 2612 πμότεμόν
527 2523 583 2586 ποτ’
606 2524 720 2608 ἐπηκόω
743 2527 861 2610 ἤλθετε,
886 2529 932 2592 καὶ
946 2535 994 2592 νῦν
1018 2527 1159 2615 ἀφίκεσθ’,
1183 2526 1350 2609 ἱκετεύομεν.

228 2626 291 2692 Sed
314 2648 386 2694 cum
409 2627 630 2695 ardentissime
653 2629 765 2696 chorus
782 2631 1033 2719 Thesmophoras
1055 2632 1096 2698 ad
1119 2633 1221 2718 ipsum
1244 2630 1352 2695 venire

227 2737 325 2815 optet,
340 2732 561 2817 intempestive
576 2732 609 2796 in
630 2732 731 2818 ipsam
751 2736 903 2818 protasim
927 2734 1074 2802 desiderii
1091 2733 1352 2818 significationem

227 2832 358 2916 infersit,
375 2833 458 2917 quod
474 2831 607 2924 epodosi
622 2835 807 2902 continetur.
844 2838 945 2904 Aliter
959 2838 1125 2923 singularis
1140 2836 1219 2902 haec
1234 2835 1351 2902 locutio

228 2937 280 2999 vix
292 2935 481 3021 explicanda
492 2943 540 3001 est
552 2943 645 3020 atque
661 2939 807 3020 analogia
820 2942 1053 3008 enuntiatorum
1069 2940 1353 3025 comparativomm

227 3038 337 3126 (ὥσπερ
360 3040 407 3102 καὶ
430 3075 471 3084 -
495 3039 598 3124 ebroe)
626 3048 716 3106 extra
738 3061 864 3108 onmem
891 3042 1096 3110 dubitationis
1118 3042 1221 3107 aleam
1248 3041 1354 3126 posita

227 3164 298 3210 esse
326 3143 403 3207 mibi
431 3143 510 3209 haec
537 3145 616 3210 ratio
644 3143 775 3210 videtur.
827 3145 967 3212 Similem
995 3145 1147 3212 sermonis
1181 3145 1285 3226 graeci
1312 3144 1353 3210 ab

227 3249 310 3313 iusta
336 3245 496 3328 cogitandi
526 3247 598 3329 lege
625 3248 854 3316 aberrationem
884 3250 916 3313 in
946 3248 1080 3315 formula
1106 3249 1131 3310 εἰ
1158 3251 1198 3332 μή
1222 3266 1352 3331 praeoe-

228 3348 322 3416 dente
349 3351 501 3416 vocabulo
525 3352 600 3414 ἄλλο
627 3361 739 3437 postea
761 3352 1007 3436 observabimus,
1035 3372 1114 3436 quae
1137 3371 1199 3417 vox
1225 3357 1257 3416 et
1282 3351 1354 3435 ipsa
1401 3413 1406 3424 ,

227 3453 443 3519 exclusionem
471 3456 516 3520 rei
543 3476 600 3541 per
627 3456 779 3541 protasim
814 3475 995 3540 expressam
1029 3457 1062 3520 in
1096 3453 1227 3540 apodosi
1260 3471 1352 3539 prae-

227 3556 363 3639 positiva
385 3557 553 3642 antecepit.
598 3556 725 3623 Nullum
748 3566 913 3643 praeterea
927 3557 1149 3642 Aristophanis
1172 3555 1352 3641 exemplum

226 3660 259 3722 iu
282 3661 550 3743 comparationem
573 3663 678 3727 vocari
700 3665 805 3746 potest
827 3648 897 3726 nisi
910 3660 989 3725 forte
1013 3658 1105 3744 Vesp.
1122 3680 1167 3726 vs.
1184 3660 1258 3749 556.

278 3763 410 3851 οἶκτειμόν
433 3761 474 3848 μ’,
502 3764 526 3827 rb
548 3772 645 3854 πάτερ,
663 3766 799 3848 αἰτοῦμαί
821 3761 858 3840 α’,
882 3765 906 3825 εί
928 3763 1031 3833 καύτὸς
1052 3761 1164 3826 πώποθ’
1190 3763 1314 3850 ὑφείλου.

225 3849 406 3951 Imperativi
427 3867 532 3934 locum
553 3871 587 3934 in
609 3869 740 3954 apodosi
763 3867 861 3934 semel
884 3867 1109 3946 coniunctivae,
1132 3868 1185 3952 qui
1208 3873 1257 3932 est
1278 3884 1351 3950 pro·

226 3970 373 4053 hibenda,
400 3972 533 4038 obtinet:
561 3971 607 4042 Pl.
636 3993 682 4038 vs,
711 3971 794 4034 1146
821 3970 862 4054 μὴ
886 3976 1113 4057 μνησικακήσῃς,
1143 3973 1168 4034 εἰ
1194 3969 1228 4033 σύ
1252 3969 1352 4052 Φυλὴν

226 4075 392 4160 κατέλαβες.
440 4075 605 4162 Optativus
628 4076 715 4144 socia
735 4075 890 4160 particula
912 4079 945 4138 ἄν
968 4075 1100 4142 habetur
1121 4078 1153 4141 in

226 4179 305 4245 Aah.
319 4202 364 4248 vs.
377 4181 450 4248 307.
467 4190 528 4252 πῶς
549 4182 580 4243 θέ
596 4178 621 4265 η’
641 4183 674 4242 ἂν
697 4180 796 4249 καλῶς
818 4180 910 4263 λεήοις
932 4183 975 4257 ἂν,
1000 4181 1074 4268 εἴπερ
1097 4179 1216 4242 ἐσπείσω
1235 4166 1350 4261 η’όιπάξ.
