3082 4664
676 249 887 313 -36-.

219 439 334 507 ticulae
361 440 410 503 ἐάν
438 458 510 505 cum
539 437 653 525 copula
678 441 725 501 καί
755 438 1006 504 coniunctionem
1040 440 1220 522 omittimus,
1250 460 1340 524 quae,

219 545 281 610 nisi
303 545 487 612 concessiva
508 550 565 627 est,
582 563 708 630 semper
729 546 833 630 priore
856 543 925 609 loco
949 543 1090 627 habetur,
1106 547 1340 611 enuntiatorum

216 646 466 714 condicinalium
492 667 550 734 per
576 647 625 710 ἐάν
653 647 718 733 (ἢν)
745 646 992 715 introductorum
1026 654 1150 714 centum
1177 649 1342 730 sexaginta

221 753 357 836 quinque
384 751 532 838 exempla
557 753 602 817 ita
628 760 811 839 comparata
836 759 917 835 sunt,
945 758 979 817 ut
1004 754 1139 837 protasis
1160 752 1340 839 praecedat,

217 856 255 920 in
264 861 390 922 centu'm
402 854 569 922 duodecim
581 843 738 943 exemplis
745 855 892 942 apodosis
902 857 1039 941 priorem
1051 857 1154 922 locum
1166 857 1339 943 occupavit.

217 957 327 1042 Longe
340 959 511 1046 'praevalet
538 959 571 1023 in
593 958 705 1025 horum
733 960 965 1026 enuntiatorum
993 958 1125 1045 apodesi
1152 958 1340 1026 indicativus
1448 984 1455 998 ·

217 1062 324 1147 futuri,
348 1083 419 1130 cum
441 1061 474 1127 id
501 1068 627 1146 tempus
653 1083 673 1128 a
698 1063 817 1149 protasi
839 1071 871 1129 et
896 1053 1024 1149 ipsein
1051 1060 1157 1128 'futuro
1187 1063 1340 1131 collocata

216 1168 347 1232 minime
380 1161 568 1233 abhorreat·
591 1165 639 1233 De
672 1167 900 1249 significatione
925 1167 974 1249 iis,
1000 1187 1080 1251 quae
1107 1167 1147 1232 de
1173 1172 1339 1255 exspecta-

217 1271 303 1338 tione
325 1273 358 1337 in
374 1271 423 1338 his
446 1270 615 1336 enuntiatis
637 1290 788 1357 expressa
810 1271 955 1354 diximus,
977 1270 1056 1337 nihil
1078 1270 1259 1338 addendum
1282 1279 1339 1337 est.

216 1373 345 1440 Praeter
370 1374 575 1440 indicativum
602 1373 697 1439 futuri
723 1375 757 1439 in
784 1374 917 1460 apodosi
942 1375 1117 1459 praesentis
1149 1373 1339 1441 indicativus

216 1497 313 1564 saepe
334 1484 446 1544 exstat.
480 1477 585 1561 Atque
606 1497 645 1543 ea
665 1479 865 1562 potissimum
888 1478 997 1561 forma,
1014 1479 1042 1544 si
1057 1477 1097 1543 de
1111 1479 1204 1544 rebus
1218 1479 1339 1545 iteratis

216 1582 329 1665 agitur,
354 1579 582 1667 Aristophanes
609 1591 683 1646 usus
710 1586 768 1663 est,
799 1582 886 1647 cuius
908 1585 1030 1648 certum
1051 1581 1231 1667 exemplum
1255 1581 1339 1650 desi-

216 1684 343 1751 deratur
369 1685 403 1749 in
430 1702 469 1750 ea
496 1684 602 1770 specie
628 1703 708 1768 quae
735 1684 872 1750 futurum
903 1686 937 1750 in
964 1684 1096 1770 apodosi
1119 1685 1256 1768 exhibet,
1278 1686 1339 1753 nisi

214 1789 294 1855 forte
316 1787 378 1854 huc
399 1788 572 1873 pertinent:

215 1893 272 1958 Av.
295 1911 341 1958 vs.
366 1893 458 1956 1111.
481 1893 533 1954 κᾶν
555 1892 694 1977 λαχόντες
716 1891 837 1978 ἀρχίδιον
860 1889 915 1954 εἷθ’
938 1893 1060 1980 ἁρπάσαι
1082 1892 1229 1977 βούλησθέ
1251 1915 1285 1966 τι,

473 1987 547 2070 ,ὀξὺν
570 1997 726 2085 ἱερακίσκον
749 1997 780 2066 ἐς
800 1999 853 2066 τοὶς
874 2005 971 2085 χεῖρας
989 1997 1054 2082 ’ὑμῖν
1076 1999 1214 2082 δώσομεν.
1326 2067 1329 2074 ,

480 2103 518 2186 ἢν
539 2100 577 2165 δέ’
592 2126 644 2166 που
666 2103 801 2188 δειπνῆτε,
825 2110 1010 2191 πρηνορῖονας
1032 2103 1094 2188 ὑμῖν
1115 2107 1271 2191 πέμψομεν.

215 2215 247 2274 et
261 2207 402 2274 eiusdem
417 2208 599 2274 comoediae
615 2209 766 2274 simillimi
780 2229 889 2274 versus
907 2193 1126 2277 1608-1621.
1159 2209 1333 2277 Praesentis

215 2312 249 2376 in
276 2310 408 2397 apodosi
434 2331 474 2378 ex
500 2311 605 2376 multis
634 2311 695 2378 duo
729 2311 876 2398 exempla
908 2314 1105 2397 proferimus,
1140 2333 1270 2398 quorum
1304 2315 1337 2378 in

165 2407 168 2416 ’
216 2415 343 2482 alterius
366 2414 484 2501 protasi
507 2415 653 2496 aoristus,
675 2414 709 2479 in
730 2415 858 2480 alterius
879 2435 1031 2501 praesens
1053 2417 1193 2502 ponitur:

317 2517 398 2584 Nub.
421 2538 466 2584 vs.
490 2518 562 2583 579.
586 2519 623 2602 ἢν
644 2519 697 2606 γὰρ
720 2521 741 2602 ᾖ
764 2541 805 2590 τις
826 2510 923 2592 ἔξοδος

390 2622 488 2708 μηδενὶ
510 2613 559 2695 Εὺν
580 2623 630 2709 vd,
654 2611 744 2709 tdt'lp
767 2624 926 2713 βροντῶμεν
948 2624 970 2709 ἠ
994 2629 1170 2711 ψακάζομεν.

214 2727 269 2794 Th.
293 2749 337 2796 vs.
361 2729 434 2792 792.
456 2731 509 2791 κᾶν
531 2719 641 2812 ἐξέλθῃ
663 2730 695 2792 τὸ
717 2731 826 2813 γύναιόν
847 2753 900 2807 ποι,
924 2729 993 2817 κᾷθ’
1006 2730 1101 2821 εὕρητ’
1114 2733 1182 2796 αὐτὸ
1204 2730 1333 2818 θύρασιν,

461 2835 564 2918 μανίας
585 2835 731 2918 μαίνεσθε.
923 2917 925 2922 Α
1237 2903 1238 2908 ,

214 2935 381 3022 Utriusque
403 2939 540 3025 exempli
559 2941 699 3025 protasis
722 2940 831 3026 procul
854 2939 949 3008 dubio
966 2942 1013 3024 ad
1035 2961 1086 3008 res
1105 2944 1220 3008 iterum
1235 2941 1335 3007 lactas

213 3039 379 3107 referenda
401 3047 458 3108 est.

300 3142 352 3210 Ad
385 3143 481 3211 futuri
515 3146 678 3212 notionem
710 3167 810 3233 prope
844 3147 967 3214 accedit
997 3146 1183 3232 imperativi,
1217 3145 1268 3228 qui
1301 3145 1334 3208 in

213 3247 346 3333 apodosi
379 3248 505 3334 saepius
538 3249 661 3331 legitur.
705 3248 910 3337 imperativus
943 3249 1117 3336 praesentis
1150 3251 1184 3313 et
1215 3246 1334 3329 aoristi,

213 3370 344 3433 quorum
366 3357 495 3436 uterque
518 3350 692 3434 adhibetur,
714 3352 760 3417 ita
781 3352 847 3418 fere
862 3351 1030 3439 dispositus
1050 3357 1097 3416 est
1111 3348 1196 3435 apud
1211 3350 1333 3416 Aristo·

211 3452 360 3538 phanem,
383 3458 428 3537 ut,
451 3455 478 3520 si
500 3455 532 3520 in
554 3455 673 3539 protasi
696 3455 911 3522 coniunctivus
930 3454 1105 3541 praesentis
1128 3454 1178 3537 sit,
1201 3455 1234 3519 in
1256 3473 1333 3540 apo-

212 3554 282 3622 dosi
296 3557 499 3642 imperativus
515 3556 654 3623 eiusdem
670 3559 821 3642 temporis
837 3558 911 3644 poni
927 3559 1026 3625 soleat
1041 3555 1096 3640 (cf.
1108 3558 1165 3622 Av.
1180 3578 1223 3624 vs.
1239 3559 1333 3638 1534)

211 3659 443 3726 coniunctivum
466 3660 572 3726 aoristi
595 3662 690 3726 etiam
711 3661 914 3744 imperativus
941 3660 1049 3726 aoristi
1076 3668 1232 3745 sequatur.
1278 3660 1332 3744 (cf.

210 3760 247 3829 R.
272 3781 316 3828 vs.
341 3763 451 3844 1177.)
494 3761 544 3828 Ab
568 3761 627 3829 hoc
654 3782 722 3848 usu,
751 3763 778 3828 si
800 3763 831 3826 in
854 3763 973 3848 protasi
993 3780 1143 3856 praesens
1170 3764 1331 3849 reperitur,

211 3865 311 3933 semel
337 3865 475 3932 decessit
497 3863 535 3932 N.
557 3885 601 3932 vs.
626 3868 687 3930 743
710 3886 770 3950 sq.;
798 3865 851 3930 ubi
877 3867 911 3930 in
937 3865 1056 3951 protasi
1083 3867 1216 3940 aoristus
1243 3885 1331 3932 usur·

209 3976 302 4055 patur
325 3969 371 4036 bis
393 3969 427 4033 in
449 3968 561 4035 eodem
584 3970 679 4036 verbo
702 3970 765 4036 alia
786 3967 914 4034 dicendi
939 3969 1041 4034 forma
1067 3991 1142 4037 usus
1164 3978 1225 4036 est:
1252 3968 1330 4053 Equ.

208 4092 254 4139 vs.
273 4074 339 4137 -579
368 4077 400 4137 et
421 4069 496 4158 Lys.
519 4092 564 4160 vs.
587 4073 659 4138 649.
709 4072 946 4140 Daetalensium
975 4072 1086 4155 fragm.
1115 4075 1154 4137 17
1181 4071 1331 4140 Brunckii
1400 4091 1404 4100 ’
1514 4035 1515 4054 ¹

209 4185 389 4243 correctura
409 4175 445 4260 ἠν
467 4197 525 4264 pro
547 4175 579 4238 οὐ
602 4183 731 4263 recepta
751 4177 879 4252 tertium
900 4178 1080 4264 exemplum
1103 4174 1233 4244 accedit.
