3082 4664
706 305 919 368 ..20-

247 511 304 557 cur
324 491 432 574 viginti
450 490 539 556 milia
555 491 669 557 civium
685 491 717 557 in
734 491 878 558 omnibus
895 488 1018 557 deliciis
1034 491 1145 556 victuri
1161 491 1233 574 sint,
1249 491 1373 574 gravior

204 599 209 610 '
248 601 298 660 cst
333 593 541 676 adulatorum,
589 594 701 676 quib'us
738 594 778 659 de
815 592 971 659 industria
1006 613 1077 659 eam
1114 596 1370 679 praetermissam

248 717 318 764 esse
341 698 520 783 exprobrat,
538 696 641 782 culpa,
665 715 758 780 quam
775 698 802 762 si
818 697 932 762 civium
948 694 1130 762 felicitatem
1154 695 1372 764 distributione

246 799 332 867 facta
352 820 416 867 non
439 809 557 867 certam
580 797 642 883 (ἄν)
665 806 847 865 eventuram
876 818 946 864 esse
970 796 1054 864 dicit.
1094 797 1242 866 Veritatis
1264 807 1369 866 autem

246 905 396 990 speciem,
420 925 490 971 cum
519 903 560 971 de
586 905 724 970 numeris
747 909 868 985 agatur,
892 922 968 986 quos
995 901 1162 987 unicuique
1189 910 1369 989 computare

244 1006 329 1092 licet,
345 1027 383 1075 eo
398 1009 499 1091 magis
515 1015 645 1093 captare
660 1007 768 1092 potuit.
803 1004 868 1071 lam
886 1003 927 1071 ad
942 1005 1075 1070 alterum
1090 1005 1195 1072 locum
1214 1007 1368 1090 venimus,

244 1112 297 1196 qui
320 1118 368 1179 est
1073 1177 1076 1182 .

277 1213 314 1280 R.
335 1236 379 1282 vs.
403 1215 495 1279 1195.
520 1215 560 1277 εἶτ
583 1204 781 1302 ἐξετύφλωσεν
806 1211 898 1277 αὑτὸν.
934 1211 1048 1278 Bacch.
1064 1212 1205 1296 εὐδαίμων
1220 1214 1266 1302 ἄρ’
1279 1215 1325 1300 ἢν,

518 1322 541 1384 εἰ
563 1323 797 1408 κάστρατήγησέν
820 1343 851 1404 γε
873 1317 935 1404 μετ’
950 1317 1130 1407 Ἐρασινίδου.

330 1443 364 1509 ln
394 1463 528 1508 censura
557 1442 756 1527 prologorum
780 1441 955 1527 Aeschylus
979 1441 1156 1524 Antigonae
1179 1440 1367 1527 Euripideae

242 1549 360 1634 primos
382 1567 506 1611 versus:
528 1546 584 1608 Ἦν
601 1544 730 1616 Οἰδίπους
750 1547 781 1608 τὸ
801 1552 912 1634 πρῶτον
932 1545 1071 1629 εὐδαίμων
1091 1544 1163 1634 ἀνὴρ
1178 1567 1184 1580 ·
1197 1546 1241 1608 εἶτ’
1267 1546 1365 1630 ἐρένεέ

242 1652 325 1723 αὖθις
352 1652 533 1723 ἀθλιώτατος
556 1652 664 1741 βροτῶν
687 1651 890 1717 vehementer
912 1652 1021 1736 carpit.
1066 1649 1166 1716 lmmo
1188 1671 1252 1717 non
1275 1651 1368 1720 desiit

241 1759 435 1824 miserrimus
468 1777 538 1824 esse
572 1756 726 1843 Oedipus,
760 1776 831 1822 cum
865 1741 976 1823 recens
1003 1756 1065 1820 iam
1095 1754 1213 1821 editum
1236 1754 1366 1824 hiberno

242 1874 384 1947 tempore
416 1861 450 1926 in
483 1868 566 1928 testa
598 1866 802 1946 exponerent,
837 1879 878 1926 ne
911 1860 1010 1945 patris
1043 1858 1134 1924 lieret
1168 1858 1364 1944 interiector;

240 1961 356 2030 deinde
377 1970 467 2050 patre
489 1963 594 2030 occiso
616 1969 750 2029 matrem
774 1960 863 2027 duxit
884 1982 1026 2054 uxorem,
1043 1960 1179 2046 denique
1202 1982 1237 2028 se
1258 1962 1361 2047 ipsum

239 2068 430 2134 excaecavit.
476 2067 532 2132 His
560 2065 710 2153 Aeschyli
743 2067 937 2148 argumentis
970 2063 1112 2131 Bacchus
1146 2084 1235 2130 suum
1264 2065 1362 2150 ipsius

240 2171 391 2238 iudicium
418 2168 515 2237 addit.
560 2168 664 2254 Atque
686 2170 822 2257 primum
845 2167 971 2253 quidem
1001 2169 1187 2235 vocabulum
1209 2171 1265 2257 ἄρα
1288 2189 1361 2254 con·

238 2276 371 2343 clusioni
404 2274 542 2357 inservit,
577 2294 669 2358 quam
704 2294 762 2341 nos
796 2292 891 2360 saepe
927 2272 1068 2358 pluribus
1106 2273 1360 2341 circumscribere

242 2399 374 2447 necesse
402 2385 464 2444 est:
492 2378 552 2443 uie
579 2397 653 2443 man
670 2378 752 2464 jetzt
773 2375 864 2443 siebt.
910 2374 1033 2442 Deinde
1060 2376 1178 2442 ironice
1203 2383 1361 2463 ponuntur

241 2482 357 2549 Bacchi
381 2482 486 2565 verbe,
509 2500 640 2564 quorum
668 2480 834 2547 obscuram
865 2479 1145 2562 breviloquentiam
1171 2478 1362 2549 Fritzscbius

236 2587 388 2673 explicat:
407 2585 516 2651 beatus
531 2584 627 2667 igitur
650 2588 718 2650 crat
739 2583 874 2667 (beatior
894 2582 1040 2667 futurus),
1063 2585 1090 2649 si
1113 2583 1241 2668 quidem
1264 2587 1359 2651 etiam

236 2699 364 2776 praetor
377 2689 496 2756 suisset.
528 2675 632 2753 Verba
646 2687 736 2753 uncis
751 2687 874 2752 inclusa
888 2685 971 2751 unde
987 2687 1122 2771 petierit,
1140 2708 1202 2754 non
1218 2697 1359 2774 apparet.

235 2794 385 2860 Similiter
406 2790 545 2858 Koclrius
567 2791 804 2876 interpretatur:
827 2787 900 2854 Nun
923 2787 1083 2873 wahrlicb,
1106 2811 1198 2857 wenn
1220 2790 1360 2880 Oedipus

234 2906 325 2963 unter
352 2897 462 2962 diesen
489 2892 686 2960 Umstanden
715 2892 796 2957 nocb
823 2891 996 2975 irgendwie
1029 2894 1186 2977 glucklich
1220 2906 1359 2978 genannt

234 2998 363 3066 werden
384 2999 481 3079 kann,
504 2995 711 3063 dann'lehlte
734 2995 798 3061 ihm
821 3016 893 3060 zum
920 2995 1026 3063 vollen
1053 2995 1357 3080 Glaukonnesos

234 3103 307 3170 dass
337 3124 371 3169 er
398 3100 478 3168 aucb
507 3099 587 3166 noch
616 3100 674 3164 mit
700 3097 884 3164 Erasinides
907 3096 1059 3164 Feldberr
1085 3117 1231 3180 genesen
1258 3106 1353 3183 ware,

233 3208 285 3291 qui
323 3226 390 3272 rem
427 3223 490 3270 non
523 3203 699 3270 confecisse
733 3201 809 3266 mibi
844 3200 975 3268 videtur.
1032 3200 1091 3266 Sic.
1118 3201 1222 3286 poti'us
1258 3203 1355 3267 verba

231 3308 445 3396 intellegenda
469 3329 540 3375 esse
563 3326 692 3375 censeo:
716 3307 748 3373 Si
765 3306 906 3394 Oedipus
921 3328 960 3374 ea
973 3308 1044 3392 lege
1060 3315 1151 3373 natus
1174 3315 1206 3374 et
1228 3307 1354 3376 adultus

233 3418 341 3482 beatus
373 3415 442 3498 fuit,
476 3413 562 3480 idem
589 3414 699 3480 beatus
726 3412 847 3497 fuisset,
881 3414 907 3480 si
935 3432 1005 3479 cum
1031 3409 1197 3478 Erasinide
1230 3426 1356 3500 praetor

230 3521 349 3588 fuisset.
379 3516 554 3586 Erasinidis
570 3522 675 3582 autem
688 3515 829 3598 collegae
841 3517 979 3582 omnium
991 3513 1200 3582 infelicissimi
1212 3517 1354 3587 homines

230 3629 330 3705 erant,
359 3642 431 3688 cum
459 3620 593 3687 victoria
618 3623 782 3705 reportata
809 3619 921 3704 capitis
949 3618 1184 3685 damnarentur.
1230 3621 1355 3690 Omissa

229 3734 277 3793 est
309 3725 467 3813 particula
499 3727 543 3801 ἄν,
578 3741 638 3807 quo
671 3721 782 3788 fortius
815 3720 976 3807 Euripidis
1009 3721 1156 3806 prologus
1188 3725 1222 3790 in
1255 3727 1353 3794 risum

129 3878 132 3883 -
228 3838 410 3898 verteretur.

313 3933 500 4020 Priusquam
524 3931 566 3999 ad
589 3951 705 3998 novum
728 3933 824 4017 caput
850 3937 1057 4014 censeamus,
1081 3952 1142 4017 quo
1164 3936 1351 4019 particulam

228 4041 252 4103 εἰ
285 4059 358 4104 oum
390 4037 530 4122 optativo
564 4036 705 4100 iunctam
738 4034 952 4118 tractabimus,
981 4032 1021 4101 de
1047 4037 1202 4122 particula
1229 4040 1253 4102 εἰ
1281 4059 1351 4106 cum

227 4143 426 4209 coniunctivo
442 4139 591 4224 copulata
603 4137 821 4207 disserendum
837 4138 1007 4224 estquod,
1024 4143 1170 4225 quoniam
1192 4163 1352 4230 perpauca

226 4246 372 4335 exempla
394 4251 529 4324 exstant,
547 4241 734 4331 appendicis
757 4244 856 4310 instar
878 4243 938 4312 hoc
959 4244 1029 4312 loco
1045 4252 1119 4332 apte
1134 4247 1350 4334 interponitur.
