3082 4664
638 291 848 354 ..43-

182 481 338 551 crscheint
364 478 545 564 lacherlich
582 477 655 544 dem
693 484 852 561 gesetnten
888 476 977 545 Falla
1015 477 1238 562 vergleichbar,
1272 494 1305 542 es

182 586 305 653 mdchtc
320 582 458 651 Jemand
472 583 665 666 gehratenen
677 580 911 650 Tintenlischen
923 583 1015 649 einen
1026 581 1102 648 Bart
1115 580 1304 662 umhttngen.

181 690 290 756 Manet
311 685 439 754 dicendi
461 686 597 753 brevitas
621 705 691 752 cum
707 707 771 753 non
793 687 951 773 expressis
966 686 1069 752 uerbis
1093 683 1226 750 addatur
1249 683 1307 748 sed

180 793 298 876 legenti
327 788 538 877 supplendum
571 790 779 875 permittatur,
812 789 978 856 ridiculam
1005 809 1073 855 rem
1106 787 1216 870 videri,
1249 785 1306 853 sed

181 898 250 963 sine
269 895 433 962 verborum
456 892 581 960 defectu
602 892 786 979 explicatur.
831 892 929 959 Plane
944 891 1057 959 eodem
1077 891 1170 957 modo
1187 889 1307 974 reliqua

183 1000 244 1066 duo
266 997 486 1084 Aristophanis
509 996 656 1086 exempla
676 994 891 1079 intellegenda
913 1003 999 1063 sunt:
1023 994 1060 1060 R.
1083 1014 1129 1061 vs.
1154 994 1236 1057 1158
1259 1013 1305 1077 sq.

182 1104 240 1169 Au.
268 1122 314 1168 vs.
342 1101 403 1164 281
432 1120 478 1184 sq.
530 1098 738 1166 Vetustiorem
766 1099 860 1182 igitur
885 1099 1059 1186 particulae
1086 1099 1110 1161 εἰ
1134 1098 1306 1179 notionem,

182 1214 217 1273 ut
239 1204 316 1271 nihil
337 1204 398 1271 nisi
424 1223 492 1269 rem
513 1203 546 1267 in
569 1203 731 1268 enuntiato
757 1222 816 1288 per
836 1205 871 1269 sc
894 1203 1085 1270 subsistente
1113 1201 1306 1287 descriptam

182 1313 215 1377 in
242 1313 349 1375 mente
375 1327 413 1375 ac
440 1306 632 1391 cogitatione
659 1308 778 1373 uersari
806 1305 944 1390 doceret,
972 1308 1197 1394 particulamm
1221 1307 1261 1378 ὡς
1284 1309 1307 1370 εἰ

182 1411 394 1492 coniunctioni
427 1410 532 1477 inesse
566 1428 742 1477 censemus.
798 1409 889 1476 Ratio
918 1431 998 1495 quae
1030 1412 1113 1478 inter
1146 1411 1224 1479 duas
1241 1431 1306 1478 'res

180 1514 351 1584 intercedit
371 1533 434 1580 non
457 1532 583 1597 semper
604 1512 698 1597 plene
720 1512 875 1597 profertur
896 1513 953 1580 sed
975 1513 1135 1582 interdum
1161 1535 1306 1582 sermone

180 1618 366 1706 imperfecto
387 1616 554 1702 participio
576 1622 631 1681 aut
652 1615 847 1682 substantivo
870 1615 1083 1685 adumbratur.
1117 1619 1212 1705 Apud
1233 1619 1305 1684 Ari·

182 1721 367 1808 stophancm
381 1721 444 1788 tria
457 1720 615 1807 participii
629 1728 702 1805 post
724 1719 765 1791 ὡς
786 1721 810 1784 εἰ
824 1721 919 1806 positi
935 1723 1082 1808 exempla
1095 1723 1304 1788 inveniuntur.

183 1827 221 1896 N.
245 1848 289 1895 us.
314 1828 406 1893 1359.
430 1826 462 1890 οὐ
484 1827 537 1913 Ῑοὶρ
552 1828 601 1888 τότ
624 1824 710 1896 εὐθὺς
724 1833 797 1914 χρῆν
812 1825 839 1890 α’
852 1828 1026 1915 ἀράττεσθαί
1040 1850 1071 1890 τε
1086 1829 1133 1891 καὶ
1147 1830 1304 1907 πατεῖσθαι,

430 1930 504 2016 ᾄδειν
528 1929 676 1994 κελεύονθ’
690 1930 810 2021 ὡσπερεὶ
831 1935 956 2018 τέττιγας
978 1932 1129 2015 istrorum

184 2042 244 2106 Av.
267 2059 312 2106 vs.
334 2038 385 2105 50.
612 2037 658 2124 χώ
680 2039 792 2110 κολοιὸς
814 2038 907 2103 οὑτοσὶ

429 2145 489 2206 ἄνω
512 2145 631 2229 κέχηνεν
655 2143 775 2233 ὡσπερεὶ
797 2146 903 2216 δεικνύς
924 2166 949 2208 τι
972 2168 1026 2228 μοι.

180 2249 265 2317 Eccl.
289 2270 333 2318 vs.
358 2249 431 2315 536.
455 2247 524 2314 ἀλλ’
548 2246 593 2333 ἔμ’
618 2248 771 2314 ἀποδυσαο’
795 2249 969 2334 ἐπιβαλοῦσα
991 2250 1171 2336 τοῦγκυκλον,

451 2353 527 2443 ᾤχου
550 2353 732 2420 καταλιποῦυ’
757 2355 877 2445 ὡσπερεὶ
899 2361 1087 2447 προκείμενον.

180 2459 386 2526 Enuntiatum
421 2460 541 2550 ὡσπερεὶ
577 2463 757 2550 προκείμενον
794 2483 857 2530 non
892 2465 941 2531 ita
975 2462 1220 2547 intellegendum
1258 2473 1307 2532 est

182 2565 272 2654 qnasi
294 2570 409 2651 poetae
432 2566 630 2633 scribendum
652 2567 777 2634 fuisset:
801 2567 897 2658 ὥσπερ
920 2570 1004 2656 οἴχοιο
1028 2573 1061 2633 ἂν
1083 2568 1267 2634 καταλιποῦσ’
1283 2573 1306 2633 εἰ

182 2669 363 2760 προκείμενον
397 2670 482 2757 οἴχοιο
518 2673 722 2756 καταλιποῦσα,
755 2672 812 2741 sed
840 2674 1069 2760 Aristophanes
1102 2676 1306 2743 mulierculae

182 2777 282 2842 virum
304 2776 479 2844 deserentis
501 2797 621 2843 morem
643 2778 779 2846 similem
803 2799 873 2847 esse
896 2779 973 2846 dicit
995 2801 1034 2846 ac
1056 2781 1082 2847 si
1097 2782 1144 2846 vir
1166 2791 1305 2848 mortuus

184 2887 275 2946 esset
309 2879 378 2945 Hoc
400 2881 427 2946 si
450 2879 628 2964 accidisset,
651 2883 826 2949 certissima
848 2885 949 2949 virum
972 2882 1162 2951 deseruisset
1183 2885 1305 2952 mulier.

85 3043 89 3050 .
182 2982 340 3049 Particula
361 2985 385 3046 εἰ
406 3003 473 3049 rem
495 2982 601 3049 liciam
624 3003 695 3051 cum
718 3005 752 3052 re
774 2986 955 3054 rarefacta
978 2988 1154 3072 comparari
1175 2988 1305 3056 indicat.

182 3087 335 3166 Quoniam
368 3088 551 3174 plemmque
584 3095 698 3174 poetae
730 3110 781 3158 rcs
813 3091 944 3159 ficticias
977 3093 1009 3157 in
1039 3094 1305 3179 comparationem

180 3199 305 3276 uocant,
321 3191 446 3277 saepius
462 3191 635 3258 omiscmn't
650 3193 837 3279 particulam
860 3197 896 3278 et3
919 3195 1009 3263 deest
1023 3197 1055 3261 in
1073 3195 1184 3264 cadem
1200 3219 1304 3265 rarum

182 3297 375 3364 condicione.
583 3295 619 3363 N.
645 3317 690 3364 vs.
714 3298 786 3362 837.
993 3300 1026 3366 σὺ
1049 3301 1080 3367 δὲ

387 3403 482 3493 ὥσπερ
504 3403 662 3474 τεθνεῶτος
682 3405 815 3469 καταλόει
838 3430 891 3491 μου
913 3409 960 3472 τὸν
983 3409 1050 3493 βίον.

183 3503 222 3572 V.
245 3525 288 3573 vs.
313 3508 403 3574 1370.
427 3512 453 3575 τί
474 3515 564 3574 ταῦτα
585 3511 693 3600 ληρεῖς,
717 3510 812 3602 ὥσπερ
835 3515 889 3580 ἀπὸ
911 3514 1017 3598 τύμβου
1038 3518 1146 3599 πεσών;

182 3610 345 3678 Breviores
366 3613 500 3701 ideoque
522 3615 726 3702 imperfectae
753 3621 1005 3706 comparationes
1027 3627 1109 3705 sunt,
1138 3623 1171 3687 in
1193 3623 1305 3707 quibus

182 3735 232 3783 res
254 3720 363 3799 gestae
386 3717 469 3786 nudo
492 3719 689 3788 substantivo
711 3721 914 3804 illustrantur,
937 3724 1034 3790 velut:

284 3819 362 3886 Aah.
385 3840 430 3887 vs.
453 3824 525 3889 876.
682 3825 801 3915 ὡσπερεὶ
822 3825 928 3913 χειμὼν
951 3830 1007 3916 ἄρα

437 3929 561 4016 ὀρνιθίας
583 3931 614 4001 ἐς
635 3931 687 4016 τὴν
711 3934 815 4021 dropaiu
838 3933 996 4019 ἐλήλυθας.

180 4031 260 4116 Equ.
278 4052 322 4100 vs.
338 4031 412 4097 270.
436 4033 556 4125 ὡσπερεὶ
576 4039 709 4125 γέροντας
731 4039 810 4122 ἡμᾶς
832 4039 1082 4125 ἐκκοβαλικευεται.

181 4136 220 4203 V.
253 4161 298 4207 vs.
335 4143 405 4206 129.
434 4142 449 4204 ὁ
473 4138 498 4203 δ’
522 4141 642 4232 ὡσπερεὶ
665 4143 775 4214 κολοιὸς
799 4143 876 4233 αὐτῷ
898 4149 1058 4219 παττάλους

438 4247 581 4336 ἐνέκρουεν
604 4249 635 4320 ἐς
656 4250 703 4313 τὸν
726 4255 828 4338 τοῖχον.
