<?xml version="1.0" encoding="UTF-8"?>
<!DOCTYPE html PUBLIC "-//W3C//DTD XHTML 1.0 Transitional//EN"
    "http://www.w3.org/TR/xhtml1/DTD/xhtml1-transitional.dtd">
<html xmlns="http://www.w3.org/1999/xhtml" xml:lang="en" lang="en">
 <head>
  <title>
</title>
<meta http-equiv="Content-Type" content="text/html;charset=utf-8" />
  <meta name='ocr-system' content='tesseract 3.04.00' />
  <meta name='ocr-capabilities' content='ocr_page ocr_carea ocr_par ocr_line ocrx_word'/>
</head>
<body>
  <div class='ocr_page' id='page_1' title='image "./deenuntiatorumc00petrgoog_0074.png"; bbox 0 0 3082 4664; ppageno 0'>
   <div class='ocr_carea' id='block_1_1' title="bbox 419 983 1042 1136">
    <p class='ocr_par' dir='ltr' id='par_1_1' title="bbox 419 983 1042 1136">
     <span class='ocr_line' id='line_1_1' title="bbox 419 983 1042 1136; baseline 0.005 -20"><span class='ocrx_word' id='word_1_1' title='bbox 419 1045 449 1136; x_wconf 71' lang='lat' dir='ltr'>j</span> <span class='ocrx_word' id='word_1_2' title='bbox 536 1123 539 1130; x_wconf 56' lang='grc'>,</span> <span class='ocrx_word' id='word_1_3' title='bbox 622 1013 850 1118; x_wconf 58' lang='lat' dir='ltr'><strong>Vitem</strong></span> <span class='ocrx_word' id='word_1_4' title='bbox 920 983 922 986; x_wconf 93' lang='lat'>.</span> <span class='ocrx_word' id='word_1_5' title='bbox 1005 1007 1042 1032; x_wconf 62' lang='lat'><strong><em>⁹</em></strong></span> 
     </span>
    </p>
   </div>
   <div class='ocr_carea' id='block_1_2' title="bbox 154 1387 1300 4020">
    <p class='ocr_par' dir='ltr' id='par_1_2' title="bbox 168 1387 1300 1973">
     <span class='ocr_line' id='line_1_2' title="bbox 240 1387 1300 1448; baseline 0.001 -5"><span class='ocrx_word' id='word_1_6' title='bbox 240 1387 354 1443; x_wconf 81' lang='lat' dir='ltr'><strong>Oarolus</strong></span> <span class='ocrx_word' id='word_1_7' title='bbox 376 1387 514 1442; x_wconf 90' lang='lat' dir='ltr'><strong>Henricus</strong></span> <span class='ocrx_word' id='word_1_8' title='bbox 532 1387 721 1443; x_wconf 82' lang='lat' dir='ltr'><strong>Ferdinandus</strong></span> <span class='ocrx_word' id='word_1_9' title='bbox 739 1388 816 1442; x_wconf 92' lang='lat' dir='ltr'><strong>Petri</strong></span> <span class='ocrx_word' id='word_1_10' title='bbox 835 1390 915 1443; x_wconf 91' lang='lat' dir='ltr'><strong>natus</strong></span> <span class='ocrx_word' id='word_1_11' title='bbox 933 1403 993 1443; x_wconf 90' lang='lat' dir='ltr'><strong>sum</strong></span> <span class='ocrx_word' id='word_1_12' title='bbox 1011 1387 1055 1448; x_wconf 88' lang='lat' dir='ltr'><strong>die</strong></span> <span class='ocrx_word' id='word_1_13' title='bbox 1074 1389 1115 1442; x_wconf 90' lang='lat'><strong>14.</strong></span> <span class='ocrx_word' id='word_1_14' title='bbox 1134 1403 1218 1443; x_wconf 88' lang='lat' dir='ltr'><strong>mens.</strong></span> <span class='ocrx_word' id='word_1_15' title='bbox 1236 1387 1300 1444; x_wconf 88' lang='lat' dir='ltr'><strong>mai.</strong></span> 
     </span>
     <span class='ocr_line' id='line_1_3' title="bbox 171 1472 1299 1545; baseline 0.002 -19"><span class='ocrx_word' id='word_1_16' title='bbox 171 1473 237 1527; x_wconf 92' lang='lat' dir='ltr'><strong>anui</strong></span> <span class='ocrx_word' id='word_1_17' title='bbox 249 1475 316 1529; x_wconf 84' lang='grc'><strong>1880</strong></span> <span class='ocrx_word' id='word_1_18' title='bbox 328 1473 551 1544; x_wconf 83' lang='lat' dir='ltr'><strong>Biadenkopfiae‚</strong></span> <span class='ocrx_word' id='word_1_19' title='bbox 565 1473 592 1526; x_wconf 93' lang='lat' dir='ltr'><strong>in</strong></span> <span class='ocrx_word' id='word_1_20' title='bbox 605 1473 706 1544; x_wconf 92' lang='lat' dir='ltr'><strong>oppido</strong></span> <span class='ocrx_word' id='word_1_21' title='bbox 719 1472 985 1540; x_wconf 81' lang='lat' dir='ltr'><strong>Hasce-Nassoviae,</strong></span> <span class='ocrx_word' id='word_1_22' title='bbox 997 1476 1075 1545; x_wconf 90' lang='lat' dir='ltr'><strong>patre</strong></span> <span class='ocrx_word' id='word_1_23' title='bbox 1089 1475 1183 1539; x_wconf 84' lang='lat' dir='ltr'><strong>Petro,</strong></span> <span class='ocrx_word' id='word_1_24' title='bbox 1191 1473 1299 1528; x_wconf 91' lang='lat' dir='ltr'><strong>medico</strong></span> 
     </span>
     <span class='ocr_line' id='line_1_4' title="bbox 170 1559 1299 1630; baseline -0.002 -16"><span class='ocrx_word' id='word_1_25' title='bbox 170 1559 342 1624; x_wconf 87' lang='lat' dir='ltr'><strong>veterinario‚</strong></span> <span class='ocrx_word' id='word_1_26' title='bbox 355 1563 441 1614; x_wconf 85' lang='lat' dir='ltr'><strong>matre</strong></span> <span class='ocrx_word' id='word_1_27' title='bbox 454 1559 604 1625; x_wconf 84' lang='lat' dir='ltr'><strong>Ludovica,</strong></span> <span class='ocrx_word' id='word_1_28' title='bbox 617 1575 632 1612; x_wconf 87' lang='lat' dir='ltr'><strong>e</strong></span> <span class='ocrx_word' id='word_1_29' title='bbox 646 1562 728 1629; x_wconf 86' lang='lat' dir='ltr'><strong>gente</strong></span> <span class='ocrx_word' id='word_1_30' title='bbox 745 1559 886 1614; x_wconf 82' lang='lat' dir='ltr'><strong>Dieziaua.</strong></span> <span class='ocrx_word' id='word_1_31' title='bbox 913 1560 1010 1614; x_wconf 80' lang='lat' dir='ltr'><strong>Fidem</strong></span> <span class='ocrx_word' id='word_1_32' title='bbox 1022 1559 1152 1630; x_wconf 88' lang='lat' dir='ltr'><strong>profiteor</strong></span> <span class='ocrx_word' id='word_1_33' title='bbox 1163 1559 1299 1629; x_wconf 84' lang='lat' dir='ltr'><strong>evangeli-</strong></span> 
     </span>
     <span class='ocr_line' id='line_1_5' title="bbox 170 1643 1298 1723; baseline 0.002 -26"><span class='ocrx_word' id='word_1_34' title='bbox 170 1659 238 1700; x_wconf 92' lang='lat' dir='ltr'><strong>cam.</strong></span> <span class='ocrx_word' id='word_1_35' title='bbox 266 1645 334 1699; x_wconf 80' lang='lat' dir='ltr'><strong>(lum</strong></span> <span class='ocrx_word' id='word_1_36' title='bbox 351 1647 431 1715; x_wconf 89' lang='lat' dir='ltr'><strong>pater</strong></span> <span class='ocrx_word' id='word_1_37' title='bbox 449 1645 566 1716; x_wconf 89' lang='lat' dir='ltr'><strong>optimus</strong></span> <span class='ocrx_word' id='word_1_38' title='bbox 584 1643 670 1716; x_wconf 90' lang='lat' dir='ltr'><strong>primo</strong></span> <span class='ocrx_word' id='word_1_39' title='bbox 682 1646 783 1700; x_wconf 86' lang='lat' dir='ltr'><strong>aetatis</strong></span> <span class='ocrx_word' id='word_1_40' title='bbox 795 1661 874 1699; x_wconf 91' lang='lat' dir='ltr'><strong>meaa</strong></span> <span class='ocrx_word' id='word_1_41' title='bbox 886 1659 957 1700; x_wconf 92' lang='lat' dir='ltr'><strong>anno</strong></span> <span class='ocrx_word' id='word_1_42' title='bbox 971 1643 1095 1699; x_wconf 88' lang='lat' dir='ltr'><strong>Alteiam</strong></span> <span class='ocrx_word' id='word_1_43' title='bbox 1106 1645 1298 1723; x_wconf 75' lang='lat' dir='ltr'><strong>transmigrare</strong></span> 
     </span>
     <span class='ocr_line' id='line_1_6' title="bbox 168 1723 1299 1801; baseline -0.002 -15"><span class='ocrx_word' id='word_1_44' title='bbox 168 1731 316 1798; x_wconf 90' lang='lat' dir='ltr'><strong>iuberetur,</strong></span> <span class='ocrx_word' id='word_1_45' title='bbox 325 1730 420 1801; x_wconf 91' lang='lat' dir='ltr'><strong>primis</strong></span> <span class='ocrx_word' id='word_1_46' title='bbox 432 1745 483 1800; x_wconf 83' lang='lat' dir='ltr'><strong>ego</strong></span> <span class='ocrx_word' id='word_1_47' title='bbox 500 1730 652 1785; x_wconf 88' lang='lat' dir='ltr'><strong>litterarum</strong></span> <span class='ocrx_word' id='word_1_48' title='bbox 665 1729 807 1785; x_wconf 89' lang='lat' dir='ltr'><strong>elementis</strong></span> <span class='ocrx_word' id='word_1_49' title='bbox 815 1723 934 1785; x_wconf 84' lang='lat' dir='ltr'><strong>imbutus</strong></span> <span class='ocrx_word' id='word_1_50' title='bbox 944 1747 1004 1785; x_wconf 87' lang='lat' dir='ltr'><strong>sum</strong></span> <span class='ocrx_word' id='word_1_51' title='bbox 1013 1731 1041 1785; x_wconf 94' lang='lat' dir='ltr'><strong>in</strong></span> <span class='ocrx_word' id='word_1_52' title='bbox 1050 1729 1144 1785; x_wconf 86' lang='lat' dir='ltr'><strong>schola</strong></span> <span class='ocrx_word' id='word_1_53' title='bbox 1154 1729 1299 1796; x_wconf 87' lang='lat' dir='ltr'><strong>Alteiensi‚</strong></span> 
     </span>
     <span class='ocr_line' id='line_1_7' title="bbox 169 1816 1299 1888; baseline -0.001 -16"><span class='ocrx_word' id='word_1_54' title='bbox 169 1834 251 1888; x_wconf 87' lang='lat' dir='ltr'><strong>quam</strong></span> <span class='ocrx_word' id='word_1_55' title='bbox 280 1817 497 1888; x_wconf 84' lang='lat' dir='ltr'><strong>quattuordecim</strong></span> <span class='ocrx_word' id='word_1_56' title='bbox 528 1832 614 1871; x_wconf 87' lang='lat' dir='ltr'><strong>annos</strong></span> <span class='ocrx_word' id='word_1_57' title='bbox 644 1821 725 1872; x_wconf 85' lang='lat' dir='ltr'><strong>natus</strong></span> <span class='ocrx_word' id='word_1_58' title='bbox 754 1817 922 1887; x_wconf 85' lang='lat' dir='ltr'><strong>gymnasium</strong></span> <span class='ocrx_word' id='word_1_59' title='bbox 952 1816 1162 1871; x_wconf 87' lang='lat' dir='ltr'><strong>Nordhusanum</strong></span> <span class='ocrx_word' id='word_1_60' title='bbox 1193 1821 1299 1872; x_wconf 88' lang='lat' dir='ltr'><strong>rectore</strong></span> 
     </span>
     <span class='ocr_line' id='line_1_8' title="bbox 169 1891 1298 1973; baseline -0.004 -13"><span class='ocrx_word' id='word_1_61' title='bbox 169 1903 203 1960; x_wconf 74' lang='grc'><strong>(1.</strong></span> <span class='ocrx_word' id='word_1_62' title='bbox 217 1903 350 1958; x_wconf 81' lang='lat' dir='ltr'><strong>Groschio</strong></span> <span class='ocrx_word' id='word_1_63' title='bbox 368 1903 588 1973; x_wconf 83' lang='lat' dir='ltr'><strong>frequentatums</strong></span> <span class='ocrx_word' id='word_1_64' title='bbox 606 1891 721 1958; x_wconf 87' lang='lat' dir='ltr'><strong>deserui.</strong></span> <span class='ocrx_word' id='word_1_65' title='bbox 756 1903 924 1959; x_wconf 83' lang='lat' dir='ltr'><strong>Maturit&#39;atis</strong></span> <span class='ocrx_word' id='word_1_66' title='bbox 940 1903 1101 1958; x_wconf 85' lang='lat' dir='ltr'><strong>testimonio</strong></span> <span class='ocrx_word' id='word_1_67' title='bbox 1115 1902 1298 1959; x_wconf 90' lang='lat' dir='ltr'><strong>Nordhusano</strong></span> 
     </span>
    </p>

    <p class='ocr_par' dir='ltr' id='par_1_3' title="bbox 154 1986 1298 4020">
     <span class='ocr_line' id='line_1_9' title="bbox 154 1986 1298 2059; baseline 0 -15"><span class='ocrx_word' id='word_1_68' title='bbox 154 1991 318 2045; x_wconf 89' lang='lat' dir='ltr'><strong>&#39;instructus</strong></span> <span class='ocrx_word' id='word_1_69' title='bbox 343 2005 407 2043; x_wconf 88' lang='lat' dir='ltr'><strong>vere</strong></span> <span class='ocrx_word' id='word_1_70' title='bbox 426 2005 458 2042; x_wconf 88' lang='lat' dir='ltr'><strong>a.</strong></span> <span class='ocrx_word' id='word_1_71' title='bbox 485 1989 552 2043; x_wconf 89' lang='lat'>1880</span> <span class='ocrx_word' id='word_1_72' title='bbox 573 1986 679 2043; x_wconf 89' lang='lat' dir='ltr'><strong>civibus</strong></span> <span class='ocrx_word' id='word_1_73' title='bbox 701 1989 859 2044; x_wconf 75' lang='lat' dir='ltr'><strong>academiae</strong></span> <span class='ocrx_word' id='word_1_74' title='bbox 883 1987 1022 2044; x_wconf 82' lang='lat' dir='ltr'><strong>Gissensis</strong></span> <span class='ocrx_word' id='word_1_75' title='bbox 1049 1989 1204 2059; x_wconf 88' lang='lat' dir='ltr'><strong>adscriptus</strong></span> <span class='ocrx_word' id='word_1_76' title='bbox 1230 2005 1298 2044; x_wconf 88' lang='lat' dir='ltr'><strong>sum.</strong></span> 
     </span>
     <span class='ocr_line' id='line_1_10' title="bbox 167 2074 1298 2147; baseline -0.001 -16"><span class='ocrx_word' id='word_1_77' title='bbox 167 2076 284 2131; x_wconf 81' lang='lat' dir='ltr'>Incubui</span> <span class='ocrx_word' id='word_1_78' title='bbox 306 2077 334 2130; x_wconf 93' lang='lat' dir='ltr'><strong>in</strong></span> <span class='ocrx_word' id='word_1_79' title='bbox 357 2075 477 2130; x_wconf 89' lang='lat' dir='ltr'><strong>studium</strong></span> <span class='ocrx_word' id='word_1_80' title='bbox 500 2074 675 2146; x_wconf 76' lang='lat' dir='ltr'><strong>philologiae,</strong></span> <span class='ocrx_word' id='word_1_81' title='bbox 693 2075 774 2143; x_wconf 91' lang='lat' dir='ltr'><strong>quod,</strong></span> <span class='ocrx_word' id='word_1_82' title='bbox 792 2075 876 2130; x_wconf 88' lang='lat' dir='ltr'><strong>sicuti</strong></span> <span class='ocrx_word' id='word_1_83' title='bbox 897 2091 941 2130; x_wconf 88' lang='lat' dir='ltr'><strong>res</strong></span> <span class='ocrx_word' id='word_1_84' title='bbox 959 2075 1020 2142; x_wconf 88' lang='lat' dir='ltr'><strong>lert,</strong></span> <span class='ocrx_word' id='word_1_85' title='bbox 1039 2077 1075 2130; x_wconf 87' lang='lat' dir='ltr'><strong>ad</strong></span> <span class='ocrx_word' id='word_1_86' title='bbox 1093 2078 1298 2147; x_wconf 88' lang='lat' dir='ltr'><strong>praeceptorum</strong></span> 
     </span>
     <span class='ocr_line' id='line_1_11' title="bbox 167 2158 1297 2233; baseline 0 -17"><span class='ocrx_word' id='word_1_87' title='bbox 167 2161 277 2217; x_wconf 78' lang='lat' dir='ltr'><strong>scholas</strong></span> <span class='ocrx_word' id='word_1_88' title='bbox 294 2177 324 2216; x_wconf 89' lang='lat' dir='ltr'><strong>se</strong></span> <span class='ocrx_word' id='word_1_89' title='bbox 342 2159 500 2233; x_wconf 75' lang='lat' dir='ltr'><strong>applicavit.</strong></span> <span class='ocrx_word' id='word_1_90' title='bbox 536 2159 674 2214; x_wconf 87' lang='lat' dir='ltr'><strong>Brauneio</strong></span> <span class='ocrx_word' id='word_1_91' title='bbox 693 2163 722 2214; x_wconf 89' lang='lat' dir='ltr'><strong>et</strong></span> <span class='ocrx_word' id='word_1_92' title='bbox 735 2158 869 2216; x_wconf 85' lang='lat' dir='ltr'><strong>Glemmio</strong></span> <span class='ocrx_word' id='word_1_93' title='bbox 881 2160 997 2216; x_wconf 88' lang='lat' dir='ltr'><strong>ducibus</strong></span> <span class='ocrx_word' id='word_1_94' title='bbox 1011 2162 1203 2230; x_wconf 80' lang='lat' dir='ltr'><strong>grammaticas</strong></span> <span class='ocrx_word' id='word_1_95' title='bbox 1221 2177 1297 2217; x_wconf 88' lang='lat' dir='ltr'><strong>sans·</strong></span> 
     </span>
     <span class='ocr_line' id='line_1_12' title="bbox 167 2239 1298 2318; baseline -0.001 -14"><span class='ocrx_word' id='word_1_96' title='bbox 167 2249 271 2314; x_wconf 89' lang='lat' dir='ltr'><strong>critam,</strong></span> <span class='ocrx_word' id='word_1_97' title='bbox 289 2264 424 2318; x_wconf 84' lang='lat' dir='ltr'><strong>graecam,</strong></span> <span class='ocrx_word' id='word_1_98' title='bbox 436 2246 549 2302; x_wconf 90' lang='lat' dir='ltr'><strong>latinam</strong></span> <span class='ocrx_word' id='word_1_99' title='bbox 567 2246 717 2317; x_wconf 82' lang='lat' dir='ltr'><strong>peragravi,</strong></span> <span class='ocrx_word' id='word_1_100' title='bbox 730 2262 791 2301; x_wconf 93' lang='lat' dir='ltr'><strong>cum</strong></span> <span class='ocrx_word' id='word_1_101' title='bbox 806 2239 937 2318; x_wconf 92' lang='lat' dir='ltr'><strong>Philippii</strong></span> <span class='ocrx_word' id='word_1_102' title='bbox 954 2244 1065 2310; x_wconf 84' lang='lat' dir='ltr'><strong>scholae</strong></span> <span class='ocrx_word' id='word_1_103' title='bbox 1084 2247 1119 2302; x_wconf 90' lang='lat' dir='ltr'><strong>ad</strong></span> <span class='ocrx_word' id='word_1_104' title='bbox 1133 2247 1298 2303; x_wconf 79' lang='lat' dir='ltr'><strong>Graecomm</strong></span> 
     </span>
     <span class='ocr_line' id='line_1_13' title="bbox 167 2331 1298 2404; baseline 0.003 -18"><span class='ocrx_word' id='word_1_105' title='bbox 167 2335 345 2402; x_wconf 86' lang='lat' dir='ltr'><strong>antiquitates</strong></span> <span class='ocrx_word' id='word_1_106' title='bbox 371 2333 566 2404; x_wconf 84' lang='lat' dir='ltr'><strong>historiamque</strong></span> <span class='ocrx_word' id='word_1_107' title='bbox 594 2348 637 2386; x_wconf 90' lang='lat' dir='ltr'><strong>me</strong></span> <span class='ocrx_word' id='word_1_108' title='bbox 662 2332 845 2388; x_wconf 87' lang='lat' dir='ltr'><strong>attenderent.</strong></span> <span class='ocrx_word' id='word_1_109' title='bbox 882 2331 991 2388; x_wconf 83' lang='lat' dir='ltr'><strong>Scholis</strong></span> <span class='ocrx_word' id='word_1_110' title='bbox 1017 2333 1156 2389; x_wconf 87' lang='lat' dir='ltr'><strong>historicis</strong></span> <span class='ocrx_word' id='word_1_111' title='bbox 1186 2335 1298 2389; x_wconf 81' lang='lat' dir='ltr'><strong>interfui</strong></span> 
     </span>
     <span class='ocr_line' id='line_1_14' title="bbox 168 2417 1298 2490; baseline 0.001 -17"><span class='ocrx_word' id='word_1_112' title='bbox 168 2417 293 2473; x_wconf 83' lang='lat' dir='ltr'><strong>Ouckeni</strong></span> <span class='ocrx_word' id='word_1_113' title='bbox 310 2424 338 2472; x_wconf 87' lang='lat' dir='ltr'><strong>et</strong></span> <span class='ocrx_word' id='word_1_114' title='bbox 355 2420 505 2486; x_wconf 81' lang='lat' dir='ltr'><strong>Weilandi,</strong></span> <span class='ocrx_word' id='word_1_115' title='bbox 523 2417 721 2490; x_wconf 75' lang='lat' dir='ltr'><strong>philosophicis</strong></span> <span class='ocrx_word' id='word_1_116' title='bbox 735 2418 952 2484; x_wconf 86' lang='lat' dir='ltr'><strong>Bratuscheckii‚</strong></span> <span class='ocrx_word' id='word_1_117' title='bbox 970 2419 1022 2473; x_wconf 90' lang='lat' dir='ltr'><strong>viri</strong></span> <span class='ocrx_word' id='word_1_118' title='bbox 1039 2434 1093 2474; x_wconf 87' lang='lat' dir='ltr'><strong>nou</strong></span> <span class='ocrx_word' id='word_1_119' title='bbox 1117 2435 1171 2474; x_wconf 89' lang='lat' dir='ltr'><strong>uuo</strong></span> <span class='ocrx_word' id='word_1_120' title='bbox 1188 2421 1298 2474; x_wconf 87' lang='lat' dir='ltr'><strong>nomine</strong></span> 
     </span>
     <span class='ocr_line' id='line_1_15' title="bbox 167 2500 1298 2575; baseline 0.004 -19"><span class='ocrx_word' id='word_1_121' title='bbox 167 2503 270 2575; x_wconf 93' lang='lat' dir='ltr'><strong>optime</strong></span> <span class='ocrx_word' id='word_1_122' title='bbox 288 2503 322 2557; x_wconf 87' lang='lat' dir='ltr'><strong>de</strong></span> <span class='ocrx_word' id='word_1_123' title='bbox 339 2500 382 2557; x_wconf 83' lang='lat' dir='ltr'><strong>nie</strong></span> <span class='ocrx_word' id='word_1_124' title='bbox 399 2505 497 2560; x_wconf 83' lang='lat' dir='ltr'><strong>meriti</strong></span> <span class='ocrx_word' id='word_1_125' title='bbox 533 2507 691 2560; x_wconf 82' lang='lat' dir='ltr'><strong>Auctumno</strong></span> <span class='ocrx_word' id='word_1_126' title='bbox 710 2504 775 2558; x_wconf 88' lang='lat' dir='ltr'><strong>anui</strong></span> <span class='ocrx_word' id='word_1_127' title='bbox 794 2505 858 2560; x_wconf 87' lang='lat'>1881</span> <span class='ocrx_word' id='word_1_128' title='bbox 874 2505 1033 2559; x_wconf 89' lang='lat' dir='ltr'><strong>Beroliuum</strong></span> <span class='ocrx_word' id='word_1_129' title='bbox 1050 2505 1216 2562; x_wconf 86' lang='lat' dir='ltr'><strong>macontuli</strong></span> <span class='ocrx_word' id='word_1_130' title='bbox 1244 2506 1298 2561; x_wconf 88' lang='lat' dir='ltr'><strong>Per</strong></span> 
     </span>
     <span class='ocr_line' id='line_1_16' title="bbox 167 2587 1298 2662; baseline 0.003 -20"><span class='ocrx_word' id='word_1_131' title='bbox 167 2592 224 2643; x_wconf 89' lang='lat' dir='ltr'><strong>tres</strong></span> <span class='ocrx_word' id='word_1_132' title='bbox 234 2589 291 2644; x_wconf 86' lang='lat' dir='ltr'><strong>lere</strong></span> <span class='ocrx_word' id='word_1_133' title='bbox 303 2604 389 2644; x_wconf 87' lang='lat' dir='ltr'><strong>annos</strong></span> <span class='ocrx_word' id='word_1_134' title='bbox 398 2587 519 2643; x_wconf 90' lang='lat' dir='ltr'><strong>Berolini</strong></span> <span class='ocrx_word' id='word_1_135' title='bbox 531 2591 622 2645; x_wconf 88' lang='lat' dir='ltr'><strong>studia</strong></span> <span class='ocrx_word' id='word_1_136' title='bbox 634 2591 747 2662; x_wconf 90' lang='lat' dir='ltr'><strong>incepta</strong></span> <span class='ocrx_word' id='word_1_137' title='bbox 759 2591 799 2644; x_wconf 84' lang='lat' dir='ltr'><strong>ita</strong></span> <span class='ocrx_word' id='word_1_138' title='bbox 810 2591 934 2662; x_wconf 88' lang='lat' dir='ltr'><strong>repetivi,</strong></span> <span class='ocrx_word' id='word_1_139' title='bbox 943 2594 974 2645; x_wconf 94' lang='lat' dir='ltr'><strong>ut</strong></span> <span class='ocrx_word' id='word_1_140' title='bbox 983 2591 1098 2646; x_wconf 90' lang='lat' dir='ltr'><strong>historia</strong></span> <span class='ocrx_word' id='word_1_141' title='bbox 1106 2607 1160 2646; x_wconf 90' lang='lat' dir='ltr'><strong>nou</strong></span> <span class='ocrx_word' id='word_1_142' title='bbox 1170 2590 1298 2661; x_wconf 85' lang='lat' dir='ltr'><strong>neglecta</strong></span> 
     </span>
     <span class='ocr_line' id='line_1_17' title="bbox 167 2674 1297 2748; baseline 0.003 -19"><span class='ocrx_word' id='word_1_143' title='bbox 167 2674 334 2746; x_wconf 65' lang='lat' dir='ltr'><strong>philologiae</strong></span> <span class='ocrx_word' id='word_1_144' title='bbox 356 2675 503 2746; x_wconf 88' lang='lat' dir='ltr'><strong>praecipua</strong></span> <span class='ocrx_word' id='word_1_145' title='bbox 525 2690 635 2746; x_wconf 85' lang='lat' dir='ltr'><strong>operam</strong></span> <span class='ocrx_word' id='word_1_146' title='bbox 657 2692 793 2732; x_wconf 88' lang='lat' dir='ltr'><strong>navarem.</strong></span> <span class='ocrx_word' id='word_1_147' title='bbox 834 2679 928 2748; x_wconf 82' lang='lat' dir='ltr'><strong>Atque</strong></span> <span class='ocrx_word' id='word_1_148' title='bbox 945 2693 985 2741; x_wconf 48' lang='lat' dir='ltr'><strong>,ex</strong></span> <span class='ocrx_word' id='word_1_149' title='bbox 1007 2678 1087 2732; x_wconf 90' lang='lat' dir='ltr'><strong>huius</strong></span> <span class='ocrx_word' id='word_1_150' title='bbox 1112 2678 1297 2733; x_wconf 84' lang='lat' dir='ltr'><strong>universitatis</strong></span> 
     </span>
     <span class='ocr_line' id='line_1_18' title="bbox 167 2760 1297 2841; baseline 0.003 -25"><span class='ocrx_word' id='word_1_151' title='bbox 167 2760 368 2834; x_wconf 82' lang='lat' dir='ltr'><strong>professoribus</strong></span> <span class='ocrx_word' id='word_1_152' title='bbox 385 2760 529 2833; x_wconf 87' lang='lat' dir='ltr'><strong>plurimum</strong></span> <span class='ocrx_word' id='word_1_153' title='bbox 548 2762 635 2817; x_wconf 89' lang='lat' dir='ltr'><strong>debeo</strong></span> <span class='ocrx_word' id='word_1_154' title='bbox 657 2762 685 2819; x_wconf 86' lang='lat' dir='ltr'><strong>J.</strong></span> <span class='ocrx_word' id='word_1_155' title='bbox 703 2761 737 2818; x_wconf 79' lang='lat' dir='ltr'><strong>G.</strong></span> <span class='ocrx_word' id='word_1_156' title='bbox 755 2763 898 2841; x_wconf 75' lang='lat' dir='ltr'><strong>Droyseno</strong></span> <span class='ocrx_word' id='word_1_157' title='bbox 917 2767 946 2818; x_wconf 90' lang='lat' dir='ltr'><strong>et</strong></span> <span class='ocrx_word' id='word_1_158' title='bbox 963 2762 1100 2832; x_wconf 87' lang='lat' dir='ltr'><strong>Vahleno‚</strong></span> <span class='ocrx_word' id='word_1_159' title='bbox 1119 2779 1232 2834; x_wconf 88' lang='lat' dir='ltr'><strong>quorum</strong></span> <span class='ocrx_word' id='word_1_160' title='bbox 1249 2763 1297 2819; x_wconf 91' lang='lat' dir='ltr'><strong>ille</strong></span> 
     </span>
     <span class='ocr_line' id='line_1_19' title="bbox 166 2846 1295 2919; baseline 0.002 -17"><span class='ocrx_word' id='word_1_161' title='bbox 166 2863 210 2902; x_wconf 89' lang='lat' dir='ltr'><strong>me</strong></span> <span class='ocrx_word' id='word_1_162' title='bbox 227 2847 299 2902; x_wconf 87' lang='lat' dir='ltr'><strong>inter</strong></span> <span class='ocrx_word' id='word_1_163' title='bbox 320 2846 430 2902; x_wconf 88' lang='lat' dir='ltr'><strong>sodales</strong></span> <span class='ocrx_word' id='word_1_164' title='bbox 448 2847 590 2902; x_wconf 89' lang='lat' dir='ltr'><strong>societatis</strong></span> <span class='ocrx_word' id='word_1_165' title='bbox 607 2848 755 2903; x_wconf 86' lang='lat' dir='ltr'><strong>historicae</strong></span> <span class='ocrx_word' id='word_1_166' title='bbox 773 2849 885 2919; x_wconf 87' lang='lat' dir='ltr'><strong>recepit,</strong></span> <span class='ocrx_word' id='word_1_167' title='bbox 902 2849 957 2914; x_wconf 83' lang='lat' dir='ltr'><strong>hic,</strong></span> <span class='ocrx_word' id='word_1_168' title='bbox 980 2846 1083 2910; x_wconf 78' lang='grc' dir='ltr'><strong><em>αἰδοῖός</em></strong></span> <span class='ocrx_word' id='word_1_169' title='bbox 1103 2866 1132 2904; x_wconf 76' lang='grc' dir='ltr'><strong>τε</strong></span> <span class='ocrx_word' id='word_1_170' title='bbox 1154 2849 1239 2911; x_wconf 75' lang='grc' dir='ltr'><strong><em>δεινός</em></strong></span> <span class='ocrx_word' id='word_1_171' title='bbox 1260 2857 1295 2916; x_wconf 74' lang='lat' dir='ltr'><strong>ia,</strong></span> 
     </span>
     <span class='ocr_line' id='line_1_20' title="bbox 165 2933 1291 3008; baseline 0.003 -20"><span class='ocrx_word' id='word_1_172' title='bbox 165 2949 227 2988; x_wconf 88' lang='lat' dir='ltr'><strong>curu</strong></span> <span class='ocrx_word' id='word_1_173' title='bbox 244 2933 274 2988; x_wconf 92' lang='lat' dir='ltr'><strong>in</strong></span> <span class='ocrx_word' id='word_1_174' title='bbox 292 2933 392 2988; x_wconf 89' lang='lat' dir='ltr'><strong>scholis</strong></span> <span class='ocrx_word' id='word_1_175' title='bbox 408 2936 466 2987; x_wconf 90' lang='lat' dir='ltr'><strong>tum</strong></span> <span class='ocrx_word' id='word_1_176' title='bbox 483 2933 511 2986; x_wconf 91' lang='lat' dir='ltr'><strong>iu</strong></span> <span class='ocrx_word' id='word_1_177' title='bbox 524 2933 765 2989; x_wconf 83' lang='lat' dir='ltr'><strong>exercitationibus</strong></span> <span class='ocrx_word' id='word_1_178' title='bbox 777 2934 959 3005; x_wconf 88' lang='lat' dir='ltr'><strong>privatissime</strong></span> <span class='ocrx_word' id='word_1_179' title='bbox 970 2935 1073 2991; x_wconf 89' lang='lat' dir='ltr'><strong>habitis</strong></span> <span class='ocrx_word' id='word_1_180' title='bbox 1084 2952 1134 3008; x_wconf 89' lang='lat' dir='ltr'><strong>per</strong></span> <span class='ocrx_word' id='word_1_181' title='bbox 1145 2937 1291 2993; x_wconf 89' lang='lat' dir='ltr'><strong>triennium</strong></span> 
     </span>
     <span class='ocr_line' id='line_1_21' title="bbox 166 3019 1296 3090; baseline 0.005 -17"><span class='ocrx_word' id='word_1_182' title='bbox 166 3019 247 3090; x_wconf 90' lang='lat' dir='ltr'><strong>plane</strong></span> <span class='ocrx_word' id='word_1_183' title='bbox 266 3019 366 3074; x_wconf 88' lang='lat' dir='ltr'><strong>eximia</strong></span> <span class='ocrx_word' id='word_1_184' title='bbox 380 3035 441 3074; x_wconf 92' lang='lat' dir='ltr'><strong>cum</strong></span> <span class='ocrx_word' id='word_1_185' title='bbox 453 3019 646 3074; x_wconf 87' lang='lat' dir='ltr'><strong>benevolentia</strong></span> <span class='ocrx_word' id='word_1_186' title='bbox 658 3023 686 3074; x_wconf 91' lang='lat' dir='ltr'><strong>et</strong></span> <span class='ocrx_word' id='word_1_187' title='bbox 697 3019 865 3075; x_wconf 86' lang='lat' dir='ltr'><strong>humanitate</strong></span> <span class='ocrx_word' id='word_1_188' title='bbox 878 3021 1029 3075; x_wconf 87' lang='lat' dir='ltr'><strong>studiorum</strong></span> <span class='ocrx_word' id='word_1_189' title='bbox 1041 3023 1174 3077; x_wconf 85' lang='lat' dir='ltr'><strong>rationem</strong></span> <span class='ocrx_word' id='word_1_190' title='bbox 1187 3023 1296 3079; x_wconf 91' lang='lat' dir='ltr'><strong>direxit.</strong></span> 
     </span>
     <span class='ocr_line' id='line_1_22' title="bbox 165 3103 1295 3178; baseline 0.004 -20"><span class='ocrx_word' id='word_1_191' title='bbox 165 3106 270 3160; x_wconf 83' lang='lat' dir='ltr'><strong>Audivi</strong></span> <span class='ocrx_word' id='word_1_192' title='bbox 287 3109 397 3178; x_wconf 87' lang='lat' dir='ltr'><strong>praeter</strong></span> <span class='ocrx_word' id='word_1_193' title='bbox 414 3103 477 3159; x_wconf 93' lang='lat' dir='ltr'><strong>illos</strong></span> <span class='ocrx_word' id='word_1_194' title='bbox 496 3104 701 3174; x_wconf 85' lang='lat' dir='ltr'><strong>Kirchhoiiium,</strong></span> <span class='ocrx_word' id='word_1_195' title='bbox 720 3105 878 3173; x_wconf 84' lang='lat' dir='ltr'><strong>Robertum</strong></span> <span class='ocrx_word' id='word_1_196' title='bbox 897 3108 1083 3174; x_wconf 87' lang='lat' dir='ltr'><strong>Huebnerum,</strong></span> <span class='ocrx_word' id='word_1_197' title='bbox 1100 3108 1295 3178; x_wconf 88' lang='lat' dir='ltr'><strong>Bresslavium‚</strong></span> 
     </span>
     <span class='ocr_line' id='line_1_23' title="bbox 166 3191 1295 3261; baseline 0.004 -15"><span class='ocrx_word' id='word_1_198' title='bbox 166 3192 378 3258; x_wconf 82' lang='lat' dir='ltr'><strong>Traitschkium,</strong></span> <span class='ocrx_word' id='word_1_199' title='bbox 390 3191 488 3260; x_wconf 88' lang='lat' dir='ltr'><strong>quibus</strong></span> <span class='ocrx_word' id='word_1_200' title='bbox 505 3191 569 3245; x_wconf 89' lang='lat' dir='ltr'><strong>viris</strong></span> <span class='ocrx_word' id='word_1_201' title='bbox 588 3191 713 3246; x_wconf 89' lang='lat' dir='ltr'><strong>omuibus</strong></span> <span class='ocrx_word' id='word_1_202' title='bbox 731 3192 835 3261; x_wconf 83' lang='lat' dir='ltr'><strong>gratias</strong></span> <span class='ocrx_word' id='word_1_203' title='bbox 854 3207 907 3261; x_wconf 83' lang='lat' dir='ltr'><strong>ago</strong></span> <span class='ocrx_word' id='word_1_204' title='bbox 925 3192 1065 3249; x_wconf 90' lang='lat' dir='ltr'><strong>maximas.</strong></span> <span class='ocrx_word' id='word_1_205' title='bbox 1093 3195 1162 3249; x_wconf 89' lang='lat' dir='ltr'><strong>Inde</strong></span> <span class='ocrx_word' id='word_1_206' title='bbox 1175 3212 1192 3250; x_wconf 88' lang='lat' dir='ltr'><strong>a</strong></span> <span class='ocrx_word' id='word_1_207' title='bbox 1203 3210 1295 3250; x_wconf 86' lang='lat' dir='ltr'><strong>meuse</strong></span> 
     </span>
     <span class='ocr_line' id='line_1_24' title="bbox 166 3277 1295 3346; baseline 0.007 -18"><span class='ocrx_word' id='word_1_208' title='bbox 166 3279 263 3332; x_wconf 89' lang='lat' dir='ltr'><strong>martio</strong></span> <span class='ocrx_word' id='word_1_209' title='bbox 285 3279 351 3333; x_wconf 93' lang='lat' dir='ltr'><strong>anni</strong></span> <span class='ocrx_word' id='word_1_210' title='bbox 374 3277 442 3333; x_wconf 87' lang='lat'>1884</span> <span class='ocrx_word' id='word_1_211' title='bbox 463 3291 548 3346; x_wconf 93' lang='lat' dir='ltr'><strong>usque</strong></span> <span class='ocrx_word' id='word_1_212' title='bbox 571 3277 607 3331; x_wconf 94' lang='lat' dir='ltr'><strong>ad</strong></span> <span class='ocrx_word' id='word_1_213' title='bbox 629 3293 750 3333; x_wconf 88' lang='lat' dir='ltr'><strong>mensem</strong></span> <span class='ocrx_word' id='word_1_214' title='bbox 771 3279 833 3334; x_wconf 90' lang='lat' dir='ltr'><strong>mai.</strong></span> <span class='ocrx_word' id='word_1_215' title='bbox 859 3279 924 3334; x_wconf 88' lang='lat' dir='ltr'><strong>anni</strong></span> <span class='ocrx_word' id='word_1_216' title='bbox 946 3279 1012 3334; x_wconf 81' lang='lat'>1885</span> <span class='ocrx_word' id='word_1_217' title='bbox 1035 3278 1158 3336; x_wconf 90' lang='lat' dir='ltr'><strong>Berolini</strong></span> <span class='ocrx_word' id='word_1_218' title='bbox 1180 3297 1295 3336; x_wconf 85' lang='lat' dir='ltr'><strong>examen</strong></span> 
     </span>
     <span class='ocr_line' id='line_1_25' title="bbox 166 3362 1296 3439; baseline 0.006 -26"><span class='ocrx_word' id='word_1_219' title='bbox 166 3376 216 3430; x_wconf 90' lang='lat' dir='ltr'><strong>pro</strong></span> <span class='ocrx_word' id='word_1_220' title='bbox 242 3363 374 3418; x_wconf 80' lang='lat' dir='ltr'><strong>facultate</strong></span> <span class='ocrx_word' id='word_1_221' title='bbox 401 3362 517 3418; x_wconf 90' lang='lat' dir='ltr'><strong>docendi</strong></span> <span class='ocrx_word' id='word_1_222' title='bbox 543 3362 656 3418; x_wconf 88' lang='lat' dir='ltr'><strong>absolvi.</strong></span> <span class='ocrx_word' id='word_1_223' title='bbox 699 3363 833 3419; x_wconf 78' lang='lat' dir='ltr'><strong>Examina</strong></span> <span class='ocrx_word' id='word_1_224' title='bbox 859 3363 985 3419; x_wconf 89' lang='lat' dir='ltr'><strong>absoluto</strong></span> <span class='ocrx_word' id='word_1_225' title='bbox 1012 3381 1075 3420; x_wconf 91' lang='lat' dir='ltr'><strong>cum</strong></span> <span class='ocrx_word' id='word_1_226' title='bbox 1101 3367 1155 3421; x_wconf 90' lang='lat' dir='ltr'><strong>iam</strong></span> <span class='ocrx_word' id='word_1_227' title='bbox 1183 3371 1296 3439; x_wconf 90' lang='lat' dir='ltr'><strong>propter</strong></span> 
     </span>
     <span class='ocr_line' id='line_1_26' title="bbox 166 3446 1294 3524; baseline 0.008 -25"><span class='ocrx_word' id='word_1_228' title='bbox 166 3446 285 3502; x_wconf 89' lang='lat' dir='ltr'><strong>oliicium</strong></span> <span class='ocrx_word' id='word_1_229' title='bbox 308 3450 382 3518; x_wconf 90' lang='lat' dir='ltr'><strong>quod</strong></span> <span class='ocrx_word' id='word_1_230' title='bbox 403 3450 582 3520; x_wconf 87' lang='lat' dir='ltr'><strong>impendebat</strong></span> <span class='ocrx_word' id='word_1_231' title='bbox 603 3449 721 3504; x_wconf 88' lang='lat' dir='ltr'><strong>militare</strong></span> <span class='ocrx_word' id='word_1_232' title='bbox 744 3449 779 3504; x_wconf 89' lang='lat' dir='ltr'><strong>ad</strong></span> <span class='ocrx_word' id='word_1_233' title='bbox 801 3449 924 3505; x_wconf 90' lang='lat' dir='ltr'><strong>scholam</strong></span> <span class='ocrx_word' id='word_1_234' title='bbox 949 3453 1081 3507; x_wconf 89' lang='lat' dir='ltr'><strong>accedere</strong></span> <span class='ocrx_word' id='word_1_235' title='bbox 1102 3468 1156 3507; x_wconf 89' lang='lat' dir='ltr'><strong>uon</strong></span> <span class='ocrx_word' id='word_1_236' title='bbox 1177 3469 1294 3524; x_wconf 86' lang='lat' dir='ltr'><strong>possem,</strong></span> 
     </span>
     <span class='ocr_line' id='line_1_27' title="bbox 167 3532 1294 3611; baseline 0.008 -25"><span class='ocrx_word' id='word_1_237' title='bbox 167 3532 275 3586; x_wconf 90' lang='lat' dir='ltr'><strong>domum</strong></span> <span class='ocrx_word' id='word_1_238' title='bbox 285 3549 327 3586; x_wconf 89' lang='lat' dir='ltr'><strong>me</strong></span> <span class='ocrx_word' id='word_1_239' title='bbox 337 3534 446 3591; x_wconf 87' lang='lat' dir='ltr'><strong>contuli.</strong></span> <span class='ocrx_word' id='word_1_240' title='bbox 468 3533 662 3590; x_wconf 83' lang='lat' dir='ltr'><strong>Gravissimam</strong></span> <span class='ocrx_word' id='word_1_241' title='bbox 675 3533 800 3590; x_wconf 91' lang='lat' dir='ltr'><strong>militiam</strong></span> <span class='ocrx_word' id='word_1_242' title='bbox 813 3552 957 3606; x_wconf 90' lang='lat' dir='ltr'><strong>capessere</strong></span> <span class='ocrx_word' id='word_1_243' title='bbox 970 3538 1090 3609; x_wconf 89' lang='lat' dir='ltr'><strong>oportuit</strong></span> <span class='ocrx_word' id='word_1_244' title='bbox 1101 3539 1294 3611; x_wconf 89' lang='lat' dir='ltr'><strong>stipendiaque</strong></span> 
     </span>
     <span class='ocr_line' id='line_1_28' title="bbox 166 3618 1295 3693; baseline 0.007 -21"><span class='ocrx_word' id='word_1_245' title='bbox 166 3618 274 3688; x_wconf 82' lang='lat' dir='ltr'><strong>explevi</strong></span> <span class='ocrx_word' id='word_1_246' title='bbox 292 3619 465 3676; x_wconf 80' lang='lat' dir='ltr'><strong>Francolurti</strong></span> <span class='ocrx_word' id='word_1_247' title='bbox 483 3622 519 3676; x_wconf 91' lang='lat' dir='ltr'><strong>ad</strong></span> <span class='ocrx_word' id='word_1_248' title='bbox 536 3621 665 3676; x_wconf 86' lang='lat' dir='ltr'><strong>Moenum</strong></span> <span class='ocrx_word' id='word_1_249' title='bbox 687 3621 751 3675; x_wconf 93' lang='lat' dir='ltr'><strong>inde</strong></span> <span class='ocrx_word' id='word_1_250' title='bbox 769 3638 786 3675; x_wconf 94' lang='lat' dir='ltr'><strong>a</strong></span> <span class='ocrx_word' id='word_1_251' title='bbox 803 3623 890 3693; x_wconf 91' lang='lat' dir='ltr'><strong>primo</strong></span> <span class='ocrx_word' id='word_1_252' title='bbox 910 3623 954 3676; x_wconf 91' lang='lat' dir='ltr'><strong>die</strong></span> <span class='ocrx_word' id='word_1_253' title='bbox 972 3625 1074 3679; x_wconf 92' lang='lat' dir='ltr'><strong>mensis</strong></span> <span class='ocrx_word' id='word_1_254' title='bbox 1092 3626 1212 3681; x_wconf 88' lang='lat' dir='ltr'><strong>octobris</strong></span> <span class='ocrx_word' id='word_1_255' title='bbox 1230 3627 1295 3680; x_wconf 88' lang='lat' dir='ltr'><strong>anni</strong></span> 
     </span>
     <span class='ocr_line' id='line_1_29' title="bbox 167 3705 1293 3783; baseline 0.007 -24"><span class='ocrx_word' id='word_1_256' title='bbox 167 3706 233 3760; x_wconf 85' lang='lat'>1885</span> <span class='ocrx_word' id='word_1_257' title='bbox 251 3721 336 3776; x_wconf 84' lang='lat' dir='ltr'><strong>usque</strong></span> <span class='ocrx_word' id='word_1_258' title='bbox 354 3705 391 3760; x_wconf 88' lang='lat' dir='ltr'><strong>ad</strong></span> <span class='ocrx_word' id='word_1_259' title='bbox 409 3710 525 3763; x_wconf 92' lang='lat' dir='ltr'><strong>eundem</strong></span> <span class='ocrx_word' id='word_1_260' title='bbox 543 3708 615 3762; x_wconf 89' lang='lat' dir='ltr'><strong>diem</strong></span> <span class='ocrx_word' id='word_1_261' title='bbox 634 3707 698 3763; x_wconf 91' lang='lat' dir='ltr'><strong>anni</strong></span> <span class='ocrx_word' id='word_1_262' title='bbox 717 3709 791 3764; x_wconf 86' lang='lat'>1886.</span> <span class='ocrx_word' id='word_1_263' title='bbox 826 3710 871 3765; x_wconf 77' lang='lat' dir='ltr'><strong>Ex</strong></span> <span class='ocrx_word' id='word_1_264' title='bbox 892 3709 940 3763; x_wconf 93' lang='lat' dir='ltr'><strong>illo</strong></span> <span class='ocrx_word' id='word_1_265' title='bbox 966 3714 1090 3782; x_wconf 89' lang='lat' dir='ltr'><strong>tempore</strong></span> <span class='ocrx_word' id='word_1_266' title='bbox 1108 3712 1136 3766; x_wconf 92' lang='lat' dir='ltr'><strong>in</strong></span> <span class='ocrx_word' id='word_1_267' title='bbox 1153 3713 1293 3783; x_wconf 83' lang='lat' dir='ltr'><strong>gymnasio</strong></span> 
     </span>
     <span class='ocr_line' id='line_1_30' title="bbox 163 3791 1294 3871; baseline 0.005 -25"><span class='ocrx_word' id='word_1_268' title='bbox 163 3791 336 3847; x_wconf 86' lang='lat' dir='ltr'><strong>Joachimico</strong></span> <span class='ocrx_word' id='word_1_269' title='bbox 354 3793 527 3849; x_wconf 91' lang='lat' dir='ltr'><strong>Berolinensi</strong></span> <span class='ocrx_word' id='word_1_270' title='bbox 545 3794 686 3849; x_wconf 88' lang='lat' dir='ltr'><strong>candidati</strong></span> <span class='ocrx_word' id='word_1_271' title='bbox 703 3795 839 3866; x_wconf 87' lang='lat' dir='ltr'><strong>probandi</strong></span> <span class='ocrx_word' id='word_1_272' title='bbox 855 3812 965 3850; x_wconf 90' lang='lat' dir='ltr'><strong>munere</strong></span> <span class='ocrx_word' id='word_1_273' title='bbox 984 3797 1080 3866; x_wconf 80' lang='lat' dir='ltr'><strong>fungor</strong></span> <span class='ocrx_word' id='word_1_274' title='bbox 1094 3814 1127 3852; x_wconf 94' lang='lat' dir='ltr'><strong>ac</strong></span> <span class='ocrx_word' id='word_1_275' title='bbox 1138 3803 1203 3871; x_wconf 89' lang='lat' dir='ltr'><strong>post</strong></span> <span class='ocrx_word' id='word_1_276' title='bbox 1219 3799 1294 3854; x_wconf 87' lang='lat' dir='ltr'><strong>ilebi·</strong></span> 
     </span>
     <span class='ocr_line' id='line_1_31' title="bbox 163 3875 1293 3950; baseline 0.008 -20"><span class='ocrx_word' id='word_1_277' title='bbox 163 3875 217 3931; x_wconf 91' lang='lat' dir='ltr'><strong>lem</strong></span> <span class='ocrx_word' id='word_1_278' title='bbox 235 3878 325 3949; x_wconf 88' lang='lat' dir='ltr'><strong>patris</strong></span> <span class='ocrx_word' id='word_1_279' title='bbox 342 3878 438 3950; x_wconf 90' lang='lat' dir='ltr'><strong>optimi</strong></span> <span class='ocrx_word' id='word_1_280' title='bbox 457 3883 571 3934; x_wconf 89' lang='lat' dir='ltr'><strong>mortem</strong></span> <span class='ocrx_word' id='word_1_281' title='bbox 588 3880 633 3935; x_wconf 89' lang='lat' dir='ltr'><strong>die</strong></span> <span class='ocrx_word' id='word_1_282' title='bbox 652 3881 691 3936; x_wconf 89' lang='lat'><strong>18.</strong></span> <span class='ocrx_word' id='word_1_283' title='bbox 706 3880 807 3936; x_wconf 90' lang='lat' dir='ltr'><strong>mensis</strong></span> <span class='ocrx_word' id='word_1_284' title='bbox 825 3882 979 3938; x_wconf 87' lang='lat' dir='ltr'><strong>novembris</strong></span> <span class='ocrx_word' id='word_1_285' title='bbox 997 3883 1061 3937; x_wconf 87' lang='lat' dir='ltr'><strong>anni</strong></span> <span class='ocrx_word' id='word_1_286' title='bbox 1078 3885 1146 3940; x_wconf 88' lang='grc'><strong>1886</strong></span> <span class='ocrx_word' id='word_1_287' title='bbox 1163 3885 1247 3939; x_wconf 89' lang='lat' dir='ltr'><strong>vitam</strong></span> <span class='ocrx_word' id='word_1_288' title='bbox 1265 3885 1293 3939; x_wconf 94' lang='lat' dir='ltr'><strong>in</strong></span> 
     </span>
     <span class='ocr_line' id='line_1_32' title="bbox 165 3962 346 4020; baseline 0.017 -4"><span class='ocrx_word' id='word_1_289' title='bbox 165 3962 240 4018; x_wconf 92' lang='lat' dir='ltr'><strong>luctu</strong></span> <span class='ocrx_word' id='word_1_290' title='bbox 257 3964 346 4020; x_wconf 68' lang='lat' dir='ltr'><strong>babo.</strong></span> 
     </span>
    </p>
   </div>
   <div class='ocr_carea' id='block_1_3' title="bbox 627 4139 832 4161">
    <p class='ocr_par' dir='ltr' id='par_1_4' title="bbox 627 4139 832 4161">
     <span class='ocr_line' id='line_1_33' title="bbox 627 4139 832 4161; baseline 0.015 -3"><span class='ocrx_word' id='word_1_291' title='bbox 627 4139 832 4161; x_wconf 64' lang='lat' dir='ltr'><strong>vwwwwmm</strong></span> 
     </span>
    </p>
   </div>
   <div class='ocr_carea' id='block_1_4' title="bbox 0 0 1546 4664">
    <p class='ocr_par' dir='ltr' id='par_1_5' title="bbox 0 0 1546 4664">
     <span class='ocr_line' id='line_1_34' title="bbox 0 0 1546 4664; baseline 0 2"><span class='ocrx_word' id='word_1_292' title='bbox 0 0 1546 4664; x_wconf 95' lang='lat' dir='ltr'><strong> </strong></span> 
     </span>
    </p>
   </div>
  </div>
 </body>
</html>
