3082 4664
657 311 907 374 -9-.

189 517 296 566 earum
319 501 504 568 societatem
527 497 690 566 detrectat.
736 497 804 566 Ηοο
823 495 971 581 exemplo
987 494 1154 562 eommode
1175 489 1314 562 traduoi·
1391 473 1395 484 ⁵

90 681 94 689 Ι
189 621 259 666 mur
281 600 322 668 ad
344 602 429 669 alind

290 703 370 772 Nnb.
386 725 431 772 vs.
449 705 542 771 1338.
562 694 736 790 ἐδιδαξάμην
759 708 852 790 μέντοι
874 727 906 768 σε
928 703 964 788 νὴ
988 701 1039 779 Δί’,
1064 701 1089 765 ἀν
1112 702 1193 786 μέλε,

344 803 347 810 ⁴
567 817 651 874 τοῖσιν
674 812 787 882 δικαίοις
802 810 962 894 ἀντιλέγειν,
978 810 1003 872 εἰ
1023 813 1113 871 ταῦτά
1127 830 1160 892 με

569 917 685 1000 μέλλεις
708 917 875 992 ἀναπείσειν,
899 914 941 985 ὡς’
962 915 1066 979 δίκαιον
1088 914 1136 976 καὶ
1157 913 1247 976 καλὸν

567 1023 620 1108 τάν
638 1025 746 1110 πατέρα
767 1021 901 1085 τύπτεσθ’
925 1020 999 1084 ἐστὶν
1022 1019 1075 1083 ὑπὸ
1097 1025 1153 1082 τῶν
1176 1016 1266 1080 ὑιέανν.

187 1122 394 1190 Lamentatur
419 1123 617 1212 Strepsiades
645 1129 820 1213 seipsum,
855 1145 926 1191 oum
953 1122 1158 1210 Phidippidos
1190 1129 1312 1208 patrem

188 1226 293 1293 atilio
318 1227 473 1294 verberari
495 1229 612 1294 iustum
634 1249 706 1296 esse
728 1228 945 1295 demonstrare
961 1226 1045 1309 velit,
1069 1233 1102 1292 et
1122 1227 1191 1293 sine
1212 1227 1314 1292 ironia

190 1329 295 1396 dicere
317 1328 467 1398 debebat:
490 1331 541 1395 οὐκ
564 1334 598 1394 ἂν
617 1321 790 1416 ἐδιδαξάμην
813 1353 855 1409 σε,
881 1333 905 1394 εἰ
920 1331 1037 1415 μέλλεις
1059 1331 1225 1406 ἀναπείσειν,
1249 1348 1313 1394 non

188 1435 345 1501 mehercle
370 1441 403 1502 te
430 1436 580 1522 sophistis
607 1432 815 1504 erudiendum
836 1434 1047 1522 tradidissem,
1074 1435 1102 1502 si
1131 1454 1215 1501 nuno
1240 1454 1313 1520 per·
1347 1519 1349 1524 Ι

189 1556 337 1606 suasurus
368 1558 413 1605 es.
463 1537 540 1605 Gom
567 1561 641 1614 vero
667 1541 788 1606 ironiae
811 1539 861 1622 sit,
889 1538 1081 1606 eontrarium
1111 1535 1217 1603 dicere
1245 1538 1313 1603 eins

189 1639 273 1725 qnod
286 1640 428 1724 intellegi
444 1640 570 1727 debeat,
592 1649 691 1730 patet,
707 1664 746 1710 ea
768 1663 848 1729 quae
863 1643 932 1710 sine
946 1640 1049 1706 ironia
1071 1659 1142 1706 oum
1157 1640 1314 1725 particula

188 1747 222 1808 ἄν
246 1742 382 1810 dioenda
403 1751 518 1829 essent,
535 1747 564 1812 si
584 1747 702 1840 ironioe
717 1745 873 1824 dionntnr,
897 1761 1005 1810 oerore
1021 1740 1139 1809 dobere*
1158 1743 1314 1828 particula

189 1848 252 1932 (sio
278 1868 345 1914 rem
371 1853 456 1914 reete
483 1848 644 1935 expedivit
665 1848 864 1916 Hermannus
893 1847 933 1914 do
955 1851 1037 1932 part.
1064 1848 1099 1909 ἄν
1127 1865 1198 1931 oap.
1226 1845 1313 1928 XIV,

188 1972 221 2039 p.
244 1951 310 2034 74).
354 1948 505 2027 Quartum
528 1951 708 2038 exemplum
731 1958 795 2020 est:

97 2059 101 2066 '
262 2053 352 2119 'Aen
367 2073 413 2120 va
429 2055 501 2118 562.
525 2053 574 2119 εἶτ’
598 2057 622 2120 εἰ
643 2057 744 2133 δίκαια,
769 2063 867 2120 τοῦτον
890 2056 972 2118 εἰπεῖν
996 2051 1059 2118 αὔτ’
1083 2053 1187 2142 ἐχρήν;

98 2221 101 2226 .
187 2157 392 2241 Interrogatio
426 2178 521 2226 sensu
548 2162 694 2243 negativo
726 2158 941 2243 intellegenda
967 2166 1016 2225 est
1035 2155 1196 2243 'idemque
1230 2156 1314 2223 valet

188 2269 295 2348 atque:
319 2264 343 2326 εἰ
357 2263 448 2327 δίκαια
462 2263 547 2348 λἐμει,
563 2271 661 2329 τοῦτον
676 2267 758 2330 εἰπεῖν
774 2265 831 2328 odd
857 2263 907 2328 οὐκ
924 2263 1022 2350 ἐχρῆν.
1069 2262 1168 2330 Simul
1183 2267 1313 2348 propter

187 2369 378 2435 sententiam
393 2367 541 2454 apodoni
556 2371 732 2456 oppositam
752 2367 1118 2456 protasi-conditionalis
1138 2365 1313 2452 partionlae

188 2469 212 2534 εἰ
234 2470 279 2536 vis
302 2471 485 2538 conoessiva
506 2470 591 2539 faeta
612 2478 673 2542 eet.
791 2517 793 2522 ·

273 2572 429 2640 Haesere
452 2582 525 2641 sunt
547 2575 696 2663 apodosis
715 2576 836 2644 formae
859 2575 1090 2642 enuntiatorum
1110 2571 1313 2640 eondioiona·

187 2676 276 2760 lium,
304 2696 435 2762 quornm
457 2681 591 2763 protasis
617 2679 818 2766 particulari
840 2698 911 2746 enm
936 2677 1107 2744 indicativo
1135 2676 1313 2762 praesentis

188 2783 358 2848 ooniunota
378 2782 521 2851 efficitur.
553 2784 672 2868 Restat,
688 2789 725 2852 ut
746 2783 787 2851 de
808 2781 1034 2870 partieularum
1057 2782 1142 2868 εἴπερ,
1167 2781 1191 2843 εἰ
1213 2779 1260 2842 καὶ
1282 2784 1314 2844 et

188 2885 236 2947 καὶ
257 2886 281 2948 εἰ
304 2905 376 2951 onrn
397 2886 567 2955 indioativo
582 2889 760 2975 praesentis
784 2886 1047 2974 oopulatarumvi
1067 2904 1171 2972 panea
1186 2883 1315 2950 addam.
1429 2963 1432 2970 Ι

188 2987 347 3058 Partioula
367 3013 429 3080 περ,
454 2992 543 3058 οαίαα
570 2993 658 3075 origo
684 3013 726 3060 ex
746 2991 980 3077 praepositione
1005 2989 1067 3077 περὶ
1088 2988 1216 3074 petitur,
1247 3007 1314 3053 rom

189 3093 254 3158 sive
277 3101 382 3164 aetum
397 3115 474 3182 prae
489 3096 601 3163 oeteris
616 3114 686 3162 esse
701 3093 922 3178 significabant
937 3092 1060 3160 Graeoi.
1094 3091 1163 3158 Hae
1177 3091 1314 3158 elatione
1420 3095 1422 3101 ‘

190 3201 385 3266 enuntiatum
418 3193 635 3266 oondioionale
669 3198 711 3264 ad
737 3196 902 3284 apodosim
935 3216 1005 3264 raro
1038 3197 1083 3262 ita
1115 3193 1257 3276 refertur,
1279 3201 1314 3259 nt
1346 3199 1349 3206 '

189 3321 299 3369 sensus
323 3303 523 3381 oonoessivue
546 3300 669 3369 evadat.
713 3301 810 3368 Velut
830 3301 863 3366 in

291 3403 328 3470 N.
345 3426 389 3472 vs.
407 3406 480 3470 340.
635 3395 721 3478 λέξον
744 3407 780 3490 δή
804 3429 851 3489 μοι
873 3406 898 3467 τί
920 3404 1071 3479 παθοῦσαι,

292 3512 367 3599 εἴπερ
386 3511 516 3599 Νεφέλαι
536 3510 643 3596 1'eioio
666 3511 800 3596 ἀληθῶς,
824 3512 944 3595 θνηταῖς
966 3499 1055 3583 εἴξασι
1077 3495 1211 3593 μοναιξίν;

189 3612 337 3698 apodosis
363 3636 474 3683 sensns
502 3617 671 3702 opponitur
693 3617 821 3702 protasi,
846 3617 935 3681 ouius
957 3616 1004 3680 vis
1026 3612 1182 3699 particula
1202 3612 1316 3701 nepita

191 3726 283 3783 aneta
304 3727 363 3800 est,
382 3727 516 3786 streete
538 3727 659 3786 vertere
680 3721 799 3806 possis:
823 3718 983 3785 undenam
1005 3716 1123 3812 iactum
1140 3725 1198 3799 est,
1220 3724 1264 3798 ut,
1287 3716 1315 3780 si

190 3820 289 3886 nubes
322 3820 394 3902 sint,
430 3829 537 3889 tamon
575 3824 639 3889 sint
670 3822 791 3890 similes
828 3820 1020 3887 mulieribus.
1075 3818 1197 3886 Eadem
1235 3819 1314 3884 ratio

190 3922 275 3989 carn
296 3924 327 3990 in
356 3921 437 3990 Nun.
453 3945 498 3992 vs.
517 3927 590 3992 eae.
1268 3914 1272 3921 ’

157 4037 162 4048 ’
190 4029 237 4090 καὶ
262 4035 333 4105 πῶς,
358 4029 432 4118 εἴπερ
456 4027 557 4122 βάλλει
579 4029 645 4100 τοὺς
666 4030 819 4117 ἐπιόρκους,
844 4025 907 4112 θῆτ’
931 4027 994 4114 οὐχὶ
1016 4025 1123 4111 Σίμων’
1147 4013 1314 4113 ἐνέπρησενξ

191 4131 254 4197 Sed
279 4133 464 4219 plerumque
487 4133 650 4217 augendae
672 4141 794 4199 tantum
818 4122 1011 4200 condicionis
1039 4132 1158 4198 notioni
1185 4130 1317 4195 inservit

191 4236 275 4324 εἴπερ.
319 4236 450 4304 Praeter
470 4236 675 4304 indicativum
698 4236 806 4302 aoristi
829 4243 861 4302 et
882 4235 1024 4320 perfecti,
1039 4233 1092 4317 qui
1113 4233 1146 4297 in
1162 4231 1315 4317 exemplis
