3082 4664
696 250 905 311 „54-

240 419 359 485 Reiskii
381 417 606 484 correctionem
629 419 794 504 amplexus
818 441 862 487 vs.
877 422 960 486 1132
980 422 1027 483 καί
1049 443 1092 484 σοι
1114 423 1254 504 πυκνότης
1275 416 1363 483 ἔνεστ’

240 521 354 589 excudi
376 523 475 588 iussit.
511 521 648 588 Koclrius
671 521 805 607 denique
829 546 872 591 vs.
898 528 980 590 1136
1002 528 1049 590 καί
1071 522 1273 592 scribendum
1295 545 1364 590 esse
1471 583 1474 592 .

240 627 367 695 conicit.
401 623 534 692 Frustra
555 623 632 690 milri
656 624 830 693 doctissimi
853 629 911 694 viri
934 630 968 694 in
989 628 1107 715 duplici
1122 629 1241 715 protasi
1256 628 1364 695 videu-

238 739 288 798 tur
318 728 429 797 offensi
462 747 542 796 esse.
587 727 706 795 Demus
738 730 819 797 ultro
855 750 890 799 se
923 731 1067 817 desipere
1101 739 1299 819 exposuerat,
1331 737 1365 797 ut
1405 785 1408 796 .

239 834 416 920 praesidem
445 833 616 916 incautum,
637 833 665 900 si
687 834 832 919 oppletus
855 843 949 918 esset,
972 840 1134 902 mactaret.
1170 835 1364 932 Quamquam

240 937 353 1004 choms
376 956 411 1004 oe
433 955 517 1002 nunc
531 934 666 1022 probare
681 935 773 1004 Demi
790 938 952 1008 stultitiam
969 939 1149 1006 simulatam
1165 939 1242 1006 satis
1259 938 1365 1004 decla-

242 1060 312 1108 rare
334 1040 437 1127 potuit
458 1039 578 1106 verbis:
602 1038 676 1102 οὕτω
699 1039 751 1124 μὲν
773 1044 808 1105 ἂν
830 1042 862 1106 εὖ
884 1051 979 1120 ποιοῖς,
1003 1045 1028 1108 εἴ
1050 1047 1255 1126 coronaretur
1276 1039 1365 1107 ἔνεστ’

214 1148 333 1234 ·ἐντῷ
354 1149 449 1235 τρόπῳ
472 1145 562 1232 τούτῳ
585 1151 657 1210 πάνυ
679 1147 787 1233 πολλή,
812 1156 918 1214 tamen
948 1148 1031 1233 quod
1058 1147 1149 1214 Demi
1178 1148 1365 1234 prudentem

239 1273 359 1320 morem
387 1251 562 1318 accuratius
588 1249 731 1337 depinxit
758 1254 877 1319 nemini
912 1252 1006 1319 credo
1032 1251 1196 1319 offensioni
1231 1260 1288 1319 est.
1332 1251 1366 1318 Si

238 1355 313 1442 quid
336 1352 437 1434 rideo,
460 1352 595 1439 duplicis
617 1355 752 1440 protasis
775 1357 855 1422 ratio
878 1355 990 1422 eadem
1013 1356 1079 1422 fere
1101 1357 1204 1422 estin
1228 1356 1284 1422 Αν.

238 1481 283 1528 νε.
309 1458 401 1523 1596.
425 1455 495 1522 ἀλλ’
508 1456 572 1522 οὔτε
594 1461 726 1546 πρότερον
747 1454 861 1523 πώποθ’
882 1460 966 1544 ἡμεῖς
987 1451 1115 1548 ἤρξαμεν

177 1557 183 1580 “
373 1565 498 1648 πολέμου
520 1563 591 1652 πρὸς
613 1562 696 1648 ὑμᾶς,
720 1571 768 1629 νῦν
791 1563 968 1649 τ’ἐίίὲλομεν,
992 1568 1017 1630 εί
1038 1566 1123 1642 δοκεῖ,

373 1671 422 1735 εὀίν
434 1671 465 1734 τὸ
477 1671 581 1735 δίκαιον
594 1671 674 1735 ἀλλὰ
685 1676 733 1736 νῦν
745 1671 870 1757 ἐθέλητε
881 1674 959 1761 δρᾶν,
977 1672 1060 1736 1699
1079 1671 1201 1740 απονδοὶς
1217 1671 1365 1732 ποιείσθω.

239 1775 318 1844 Nam
342 1797 399 1864 per
420 1775 469 1840 ἐοίν
492 1823 500 1840 .
524 1826 532 1842 .
557 1825 564 1841 .
587 1776 656 1864 δρᾶν
684 1769 877 1861 explicatius
898 1777 1040 1858 refertur,
1071 1776 1154 1860 quod
1181 1777 1205 1838 εἰ
1231 1776 1316 1851 δοκεῖ,
1339 1776 1368 1840 si

237 1884 326 1949 vobis
349 1881 482 1962 videtur,
505 1878 755 1946 adumbraverat.
801 1878 893 1944 Haud
916 1881 981 1947 scio
1006 1901 1080 1945 num
1103 1879 1163 1946 huc
1185 1881 1367 1966 pertineant

238 1985 380 2073 eiusdem
396 1984 579 2051 comoediae
601 2003 663 2050 vus.

240 2092 311 2154 757.
334 2091 358 2153 εί
380 2090 434 2177 γὰρ
456 2087 553 2152 ἐνθάδ’
568 2087 641 2151 ἐστίν
665 2085 780 2174 αἰσχρὸν
803 2085 850 2147 τὸν
873 2088 981 2174 πατέρα
1002 2088 1109 2149 τύπτειν
1132 2090 1221 2173 νόμῳ,

333 2193 408 2259 τοῦτ’
422 2195 478 2258 ἐκεῖ
500 2194 590 2258 καλὸν
612 2190 677 2282 παρ’
690 2193 756 2278 ἡμῖν
780 2191 863 2267 ἐστιν,
886 2193 986 2276 ἠντις
1008 2193 1048 2279 τῷ
1070 2193 1153 2280 πατρί

333 2299 521 2390 προσδραμὼν
544 2301 608 2384 είπρ
631 2289 770 2375 πατάξας,
794 2285 855 2386 αἶρε
876 2298 1022 2385 πλῆκτρον
1046 2299 1070 2360 εί
1092 2306 1185 2386 μαχεῖ.

239 2406 347 2494 Neque
376 2408 460 2474 enim
488 2407 650 2490 utriusque
676 2404 808 2471 membri
836 2406 860 2468 εί
885 2405 938 2491 peip
966 2400 1064 2467 ἐνθάδ’
1077 2403 1150 2470 ἐστὶν
1185 2405 1300 2493 αἰσχρὸν
1330 2411 1365 2470 et

238 2513 295 2578 ἐκεῖ
315 2510 383 2603 παρ’
395 2514 462 2598 ἡμῖν
485 2512 574 2575 καλόν
596 2511 670 2574 ἐστιν
692 2511 849 2576 sententia
871 2529 910 2576 ea
936 2516 994 2592 est,
1022 2518 1057 2576 ut
1079 2511 1210 2577 altemm
1233 2511 1362 2576 alterius

238 2638 336 2686 causa
360 2618 470 2685 haberi
496 2617 605 2704 possit,
638 2615 695 2682 sed
728 2615 927 2697 sententiam,
960 2615 987 2682 oi
1020 2616 1116 2684 totius
1149 2616 1212 2683 loci
1240 2616 1362 2683 confor-

238 2723 410 2789 mationem
440 2740 499 2787 nec
530 2739 595 2787 non
627 2739 735 2786 versus
762 2720 814 2803 qui
841 2718 1032 2786 antecedunt
1058 2727 1090 2786 et
1115 2718 1286 2804 sequuntur
1312 2739 1362 2786 re·

238 2826 388 2910 spexeris,
411 2823 516 2911 potius
538 2822 597 2889 hac
620 2822 722 2889 forma
743 2822 839 2888 inisse
863 2823 1110 2908 exspectaveris:
1134 2823 1158 2886 εί
1183 2825 1236 2911 peip
1260 2823 1363 2886 ἐνθάδε

238 2931 286 2996 τὸν
308 2933 416 3019 πατέρα
437 2951 478 3000 τις
499 2930 601 3006 τύπτει,
626 2929 741 3016 αἰσχρόν
764 2928 846 3004 ἐστιν,
869 2929 945 2991 τοῦτ’
958 2929 1015 2991 ἐκεῖ
1033 2929 1122 2992 καλὸν
1137 2928 1202 3018 παρ’
1215 2932 1281 3015 ἡμῖν
1297 2930 1361 2994 κτλ.

323 3035 409 3103 luter
431 3035 564 3120 duplicis
587 3033 722 3120 protasis
746 3032 893 3119 exempla
914 3051 1007 3118 porro
1031 3053 1069 3099 ea
1084 3033 1362 3100 commemoranda

239 3148 322 3224 sunt,
337 3141 371 3206 in
392 3139 504 3225 quibus
528 3137 627 3204 altera
648 3138 784 3222 protasis
807 3136 896 3203 alteri
920 3136 1062 3203 subiecta
1084 3143 1143 3204 est.
1181 3136 1361 3204 Admodum

238 3245 406 3331 perspicua
428 3249 476 3308 est
497 3261 602 3308 rerum
625 3240 769 3307 condicio
791 3241 824 3305 in

238 3348 275 3414 V.
298 3367 343 3414 vs.
368 3347 466 3411 1262,
483 3345 629 3431 μαθητέον
652 3345 709 3434 τᾶρ’
724 3345 782 3410 ἐστὶ
803 3343 930 3416 πολλοὺς
952 3350 1009 3407 τίον
1031 3344 1134 3428 λόγων,

485 3451 560 3540 εἴπερ
582 3449 607 3536 γ’
621 3453 744 3515 ἀποτίσω
767 3449 865 3537 μηδὲν,
889 3451 926 3536 ἥν
948 3472 973 3514 τι
995 3451 1054 3538 δρῶ
1077 3453 1173 3514 κακόν.

237 3561 274 3645 ἦν
300 3581 325 3622 τι
352 3559 411 3646 δρῶ
438 3562 524 3622 κακόν
547 3556 719 3645 praecedat
745 3577 875 3624 necesso
902 3564 951 3622 cst
980 3551 1022 3642 τῷ
1044 3556 1178 3619 ἀποτίνειν
1201 3555 1299 3641 μηδὲν,
1328 3556 1362 3622 id

237 3663 322 3752 quod
343 3664 543 3750 menapositls
558 3661 661 3728 verbis
677 3661 896 3728 collocatione:
921 3663 995 3750 εἴπερ
1018 3658 1054 3746 ρ’,
1077 3661 1113 3746 ἠν
1136 3685 1168 3740 τι,
1182 3663 1241 3750 δρῶ
1264 3663 1360 3739 κακὸν,

237 3771 361 3836 ἀποτίσω
389 3769 477 3855 μηδὲν
505 3765 682 3851 significare
708 3785 883 3851 possumus.
929 3765 1007 3832 Cum
1035 3773 1108 3852 post
1129 3767 1234 3850 verba,
1250 3769 1361 3852 quibus

237 3877 335 3942 animi
356 3874 487 3942 affectus
511 3872 705 3959 exprimitur,
727 3891 784 3957 pro
808 3873 849 3935 ὅτι
871 3873 1025 3958 particula
1047 3873 1071 3934 εί
1093 3874 1234 3958 usurpari
1251 3873 1360 3957 soleat,

237 3978 469 4069 quodammodo
490 3978 552 4046 huo
574 3998 698 4064 quoque
720 3980 872 4064 pertinet:
1391 3988 1393 3994 ·

237 4087 272 4154 L.
296 4107 341 4152 va.
365 4086 437 4150 649.
461 4085 484 4148 εί
508 4081 533 4148 δ’
546 4081 602 4168 ἐγὼ
625 4084 694 4168 γονὴ
717 4085 839 4171 πέφυκα,
863 4090 945 4147 τοῦτο
969 4083 1009 4167 μὴ
1034 4084 1165 4170 φθονεῖτέ
1188 4107 1243 4167 μοι,

463 4191 499 4274 ἠν
512 4190 629 4280 Ιαίρείνιο
651 4185 833 4273 τέίςενὲρκιο
856 4196 912 4252 τῶν
935 4193 1079 4276 παρόντοιν
1102 4195 1281 4275 πραγμάτων.

532 4330 539 4410 l

523 4425 529 4457 ί
