3082 4664
628 259 752 347 ,ηπ
797 320 836 330 ..

169 470 301 536 Paulum
324 471 364 537 ab
387 469 445 536 boc
468 489 526 536 usu
549 469 664 554 differt,
687 473 714 538 si
740 472 861 559 periodi
889 471 1063 537 membrum
1092 472 1224 537 alterum
1252 472 1292 538 ab

169 575 244 662 εἴπερ
270 574 425 659 incipiens
453 592 581 642 causam
609 576 763 658 continet,
792 575 926 642 alterum
958 573 1043 658 quod
1070 574 1144 641 inde
1177 573 1293 642 debeat

167 679 236 747 fieri
259 677 412 761 adiungit,
435 686 481 744 ut:

167 781 247 848 Aah.
272 801 316 848 vs.
338 782 412 847 405.
436 780 602 861 ὑπάκουσον,
626 784 701 873 εἴπερ
723 786 829 848 πώποτ’
855 785 1013 873 ἀνθρώπων
1036 785 1095 848 τινί.

212 884 251 954 N.
273 907 316 953 vs.
342 887 414 952 356.
554 955 558 961 ,
624 892 671 954 καὶ
692 897 749 969 νῦν,
774 893 849 980 εἴπερ
871 892 921 956 τινὶ
942 891 1055 976 κᾶλλῳ,

374 993 555 1081 οὐρανομήκη
579 986 686 1082 ῥήξατε
708 998 793 1081 κάμοὶ
815 1001 923 1085 φωνην.

168 1094 218 1162 De
251 1095 365 1182 copula
397 1100 443 1161 καὶ
475 1107 548 1185 post
569 1102 644 1191 εἴπερ
677 1103 780 1189 posita
806 1122 901 1188 supra
930 1101 1133 1170 disseruimus
1161 1095 1293 1182 eamque
1385 1178 1389 1200 l

171 1201 292 1268 collatis
317 1203 480 1288 particulis
507 1208 727 1293 comparativis
755 1208 849 1297 decep
877 1210 923 1271 καί
951 1245 991 1254 -
1020 1207 1110 1278 οὕτως
1132 1203 1293 1288 cogitandi

170 1307 417 1375 inconcinnitate
432 1311 592 1397 explicare
614 1313 798 1382 studuimus.
836 1312 873 1380 ln
894 1314 1007 1381 eodem
1029 1311 1155 1379 dicendi
1177 1329 1293 1393 genere

171 1419 310 1478 versatur
332 1413 407 1502 εἴπερ
428 1417 512 1480 ποτέε

233 1515 312 1602 Equ.
336 1539 381 1586 vs.
405 1521 478 1586 591.
501 1521 543 1584 δεῖ
563 1525 626 1590 592
649 1524 702 1611 peip
724 1530 783 1594 τοῖς
798 1525 914 1611 ἀνδράσι
927 1524 1020 1587 τοῖσδε
1034 1528 1088 1586 πά-

498 1651 537 1712 ση
560 1631 648 1716 τέχνη
671 1631 779 1718 πορίσαι
802 1652 835 1694 σε
857 1632 895 1694 νί-

499 1756 553 1818 κην
576 1736 651 1824 εἴπερ
673 1735 897 1800 cortuclaria

274 1833 308 1899 Ρ.
332 1855 376 1902 vs,
400 1837 472 1905 302.
496 1838 520 1902 du
543 1840 740 1925 Πανέλληνες,
765 1841 968 1927 βοηθήσωμεν,
992 1839 1067 1927 εἴπερ
1090 1839 1211 1902 πώποτε.

174 1936 243 2004 Νοο
270 1960 332 2006 uno
359 1943 487 2011 nomine
514 1944 649 2032 denique
673 1946 950 2014 commemoranda
971 1952 1019 2013 est
1043 1944 1200 2031 particula
1221 1943 1295 2029 εἴπερ

174 2063 232 2129 per
252 2065 286 2112 se
309 2045 450 2115 adhibita
471 2050 518 2115 in:

174 2144 211 2212 N.
235 2169 278 2216 vs.
300 2151 373 2217 226.
398 2152 481 2217 ἔπειτ’
505 2155 559 2218 ἀπὸ
581 2163 684 2245 ταρροῦ
705 2156 771 2227 τοὺς
792 2155 879 2227 θεοὺς
901 2155 1090 2244 ὑπερφρονεῖς,

397 2257 466 2323 ἀλλ’
490 2261 540 2325 οὐκ
564 2263 617 2325 ἀπὸ
640 2263 694 2348 της
716 2271 778 2349 rue,
803 2263 888 2351 εἴπερ;
1157 2255 1159 2259 ’

172 2358 317 2425 Alterum
342 2361 520 2434 huiusmodi
546 2369 704 2450 singulare
732 2366 1050 2455 exemplnmatlerre
1072 2385 1133 2431 non
1156 2383 1295 2449 possum,

174 2461 237 2527 nisi
247 2460 327 2528 forte
339 2484 378 2529 ex
389 2466 529 2554 Platone,
546 2473 645 2556 quiin
661 2471 730 2538 libr.
747 2471 787 2538 de
802 2472 964 2558 republica
985 2472 1006 2533 6
1021 2491 1050 2556 p.
1067 2470 1154 2533 497ο
1174 2466 1293 2533 scribit:

174 2565 207 2628 οὐ
230 2567 262 2628 τὸ
281 2566 327 2652 ’μὴ
351 2566 513 2652 βούλεσθαι,
537 2574 607 2639 ἀλλ’
631 2575 770 2663 εἴπερ,τό
794 2576 835 2660 μη
859 2575 995 2640 δύνασθαι
1017 2573 1192 2637 διακωλύσει.
1217 2570 1296 2635 etin

174 2671 320 2738 Parmen.
340 2695 372 2760 p.
395 2676 490 2743 150b.
519 2680 548 2742 ἐν
576 2681 627 2766 μέν
650 2683 710 2769 ὅλιρ
734 2685 790 2770 ἄρα
812 2683 852 2769 tq*
874 2682 914 2746 ένὶ
936 2681 987 2745 οὐκ
1010 2680 1044 2746 ἂν
1067 2680 1111 2764 εἴη
1134 2680 1295 2765 σμικρότης,

176 2779 244 2842 ἀλλ’
268 2780 352 2868 εἴπερ,
376 2781 406 2846 ἐν
429 2785 515 2872 μέρει,
549 2786 602 2851 ubi
633 2807 772 2855 summus
803 2785 1002 2854 Heindcrlius
1029 2784 1171 2852 Platonis
1204 2801 1295 2849 usum

176 2882 315 2969 pluribus
337 2894 521 2973 persecutus
549 2897 681 2960 estnec
709 2899 849 2960 nostrum
871 2890 1090 2978 Aristophanis
1117 2887 1296 2973 exemplum

177 2988 289 3054 omisit.
942 2985 955 3014 ⁹

259 3091 342 3160 Inter
358 3095 507 3182 elliptica‚
524 3117 605 3181 quae
622 3105 783 3182 vocantur,
802 3098 928 3165 dicendi
947 3117 1064 3182 genera
1086 3096 1170 3183 apud
1192 3112 1296 3177 gram·

173 3197 307 3264 maticcs
330 3201 354 3262 εἰ
376 3204 417 3285 μη
440 3201 502 3282 (ἐὰν
526 3203 583 3287 μή)
608 3209 679 3287 post
700 3203 879 3285 negativam
901 3202 1067 3288 apodcsim
1088 3200 1210 3265 illatum
1234 3216 1296 3263 non

175 3301 317 3370 ultimum
331 3305 435 3372 locum
451 3307 581 3374 obtinet.
617 3306 716 3384 Quam
733 3309 885 3374 rationem
897 3309 930 3375 in
942 3307 1095 3393 prioribus
1107 3302 1296 3371 dictionibus

173 3404 310 3490 iniimus,
338 3415 372 3476 ut
400 3411 530 3476 verbnm
554 3408 708 3477 excidisse
731 3431 880 3495 negemus
904 3411 1160 3493 enuntiatumque
1180 3408 1296 3492 imper·

172 3507 289 3576 fectum
305 3531 345 3576 ex
367 3515 583 3599 antiquissimo
606 3534 666 3581 usu
687 3521 842 3582 seruatum
866 3535 936 3583 esse
959 3511 1197 3593 contendamus,
1221 3529 1296 3576 ean·

173 3609 245 3677 dem
257 3633 341 3680 nunc
356 3622 507 3686 tenemus.
535 3617 599 3684 Sed
613 3617 815 3686 nibilominus
830 3618 872 3683 ad
887 3615 1119 3684 condicionalia
1134 3615 1297 3681 enuntiata

171 3714 232 3781 hae
243 3714 396 3784 formulae
406 3723 654 3804 pertinent‚cum
664 3720 915 3806 apcdosimstare
927 3740 991 3787 non
1002 3739 1096 3806 posse
1108 3719 1295 3805 exprimant,

172 3820 233 3887 nisi
260 3821 397 3889 exclusio
424 3825 543 3908 protasi
570 3824 748 3907 significata
774 3844 962 3910 praegressa
987 3823 1089 3890 fuerit
1133 3821 1240 3906 Itaque
1262 3821 1296 3886 in

171 3922 250 4008 Equ.
275 3945 319 3992 vs.
343 3927 415 3992 994.
440 3929 574 4016 ἁρμονίαν
597 3931 612 3992 ὁ
635 3936 700 3999 παῖς
721 3930 802 3998 οὗτος
824 3927 857 3991 οὐ
879 3928 993 3992 δύναται
1015 3928 1127 4012 μαθεῖν,

438 4036 474 4119 ἢν
497 4037 538 4120 μὴ
560 4035 760 4124 δωροδοκηστὶ.

172 4139 328 4206 sententia
349 4139 515 4236 apcdcsis3
536 4161 669 4227 puerum
690 4138 887 4207 harmoniam
910 4139 1074 4207 addiscere
1100 4158 1164 4204 non
1191 4156 1295 4223 posse,

172 4259 235 4306 non
267 4261 342 4309 vera
368 4251 416 4311 est
441 4243 501 4311 nisi
529 4244 692 4330 exceperis
719 4261 801 4324 eam,
831 4263 911 4326 quae
938 4263 1070 4311 munera
1097 4241 1199 4308 refert.
1244 4238 1298 4306 Fit
