<?xml version="1.0" encoding="UTF-8"?>
<!DOCTYPE html PUBLIC "-//W3C//DTD XHTML 1.0 Transitional//EN"
    "http://www.w3.org/TR/xhtml1/DTD/xhtml1-transitional.dtd">
<html xmlns="http://www.w3.org/1999/xhtml" xml:lang="en" lang="en">
 <head>
  <title>
</title>
<meta http-equiv="Content-Type" content="text/html;charset=utf-8" />
  <meta name='ocr-system' content='tesseract 3.04.00' />
  <meta name='ocr-capabilities' content='ocr_page ocr_carea ocr_par ocr_line ocrx_word'/>
</head>
<body>
  <div class='ocr_page' id='page_1' title='image "./deenuntiatorumc00petrgoog_0017.png"; bbox 0 0 3082 4664; ppageno 0'>
   <div class='ocr_carea' id='block_1_1' title="bbox 689 325 878 385">
    <p class='ocr_par' dir='ltr' id='par_1_1' title="bbox 689 325 878 385">
     <span class='ocr_line' id='line_1_1' title="bbox 689 325 878 385; baseline -0.005 -16"><span class='ocrx_word' id='word_1_1' title='bbox 689 325 878 385; x_wconf 76' lang='lat' dir='ltr'><strong>...q..</strong></span> 
     </span>
    </p>
   </div>
   <div class='ocr_carea' id='block_1_2' title="bbox 135 507 1378 4327">
    <p class='ocr_par' dir='ltr' id='par_1_2' title="bbox 215 507 1345 1108">
     <span class='ocr_line' id='line_1_2' title="bbox 215 507 1345 596; baseline -0.003 -20"><span class='ocrx_word' id='word_1_2' title='bbox 215 517 255 577; x_wconf 83' lang='lat' dir='ltr'><strong>et</strong></span> <span class='ocrx_word' id='word_1_3' title='bbox 284 510 479 578; x_wconf 73' lang='lat' dir='ltr'><strong>scholasticis</strong></span> <span class='ocrx_word' id='word_1_4' title='bbox 512 509 703 596; x_wconf 90' lang='lat' dir='ltr'><strong>adponunto.</strong></span> <span class='ocrx_word' id='word_1_5' title='bbox 750 509 930 578; x_wconf 80' lang='lat' dir='ltr'><strong>Calumnias</strong></span> <span class='ocrx_word' id='word_1_6' title='bbox 965 509 1134 576; x_wconf 76' lang='lat' dir='ltr'><strong>creditores</strong></span> <span class='ocrx_word' id='word_1_7' title='bbox 1169 507 1345 594; x_wconf 87' lang='lat' dir='ltr'><strong>Strepsiadi</strong></span> 
     </span>
     <span class='ocr_line' id='line_1_3' title="bbox 223 611 1345 698; baseline -0.004 -18"><span class='ocrx_word' id='word_1_8' title='bbox 223 611 395 680; x_wconf 75' lang='lat' dir='ltr'><strong>identidem</strong></span> <span class='ocrx_word' id='word_1_9' title='bbox 422 615 566 697; x_wconf 85' lang='lat' dir='ltr'><strong>ingerere</strong></span> <span class='ocrx_word' id='word_1_10' title='bbox 593 621 734 698; x_wconf 90' lang='lat' dir='ltr'><strong>possunt,</strong></span> <span class='ocrx_word' id='word_1_11' title='bbox 762 612 820 678; x_wconf 90' lang='lat' dir='ltr'><strong>sed</strong></span> <span class='ocrx_word' id='word_1_12' title='bbox 846 632 992 698; x_wconf 90' lang='lat' dir='ltr'><strong>poenam,</strong></span> <span class='ocrx_word' id='word_1_13' title='bbox 1027 632 1121 697; x_wconf 88' lang='lat' dir='ltr'><strong>qnam</strong></span> <span class='ocrx_word' id='word_1_14' title='bbox 1146 611 1252 698; x_wconf 92' lang='lat' dir='ltr'><strong>lepide</strong></span> <span class='ocrx_word' id='word_1_15' title='bbox 1285 611 1345 678; x_wconf 87' lang='lat' dir='ltr'><strong>sibi</strong></span> 
     </span>
     <span class='ocr_line' id='line_1_4' title="bbox 223 715 1345 802; baseline -0.002 -20"><span class='ocrx_word' id='word_1_16' title='bbox 223 729 380 802; x_wconf 86' lang='lat' dir='ltr'><strong>precatur,</strong></span> <span class='ocrx_word' id='word_1_17' title='bbox 402 717 501 782; x_wconf 89' lang='lat' dir='ltr'><strong>semel</strong></span> <span class='ocrx_word' id='word_1_18' title='bbox 517 717 555 781; x_wconf 92' lang='lat' dir='ltr'><strong>iis</strong></span> <span class='ocrx_word' id='word_1_19' title='bbox 571 735 694 782; x_wconf 90' lang='lat' dir='ltr'><strong>sumere</strong></span> <span class='ocrx_word' id='word_1_20' title='bbox 708 715 792 781; x_wconf 89' lang='lat' dir='ltr'><strong>licet.</strong></span> <span class='ocrx_word' id='word_1_21' title='bbox 830 715 1002 780; x_wconf 88' lang='lat' dir='ltr'><strong>Hermanni</strong></span> <span class='ocrx_word' id='word_1_22' title='bbox 1018 715 1250 782; x_wconf 83' lang='lat' dir='ltr'><strong>distinctionem</strong></span> <span class='ocrx_word' id='word_1_23' title='bbox 1272 715 1345 780; x_wconf 88' lang='lat' dir='ltr'><strong>huie</strong></span> 
     </span>
     <span class='ocr_line' id='line_1_5' title="bbox 221 817 1344 905; baseline -0.004 -19"><span class='ocrx_word' id='word_1_24' title='bbox 221 821 294 886; x_wconf 87' lang='lat' dir='ltr'><strong>loeo</strong></span> <span class='ocrx_word' id='word_1_25' title='bbox 317 826 434 905; x_wconf 86' lang='lat' dir='ltr'><strong>aptam,</strong></span> <span class='ocrx_word' id='word_1_26' title='bbox 451 820 563 884; x_wconf 87' lang='lat' dir='ltr'><strong>ceteris</strong></span> <span class='ocrx_word' id='word_1_27' title='bbox 578 819 657 884; x_wconf 89' lang='lat' dir='ltr'><strong>loeis</strong></span> <span class='ocrx_word' id='word_1_28' title='bbox 679 838 743 884; x_wconf 90' lang='lat' dir='ltr'><strong>non</strong></span> <span class='ocrx_word' id='word_1_29' title='bbox 765 819 867 901; x_wconf 81' lang='lat' dir='ltr'><strong>magis</strong></span> <span class='ocrx_word' id='word_1_30' title='bbox 890 818 1047 894; x_wconf 89' lang='lat' dir='ltr'><strong>adhibere</strong></span> <span class='ocrx_word' id='word_1_31' title='bbox 1061 817 1227 904; x_wconf 80' lang='lat' dir='ltr'><strong>possimus</strong></span> <span class='ocrx_word' id='word_1_32' title='bbox 1251 837 1344 901; x_wconf 88' lang='lat' dir='ltr'><strong>quam</strong></span> 
     </span>
     <span class='ocr_line' id='line_1_6' title="bbox 223 907 1345 1008; baseline -0.004 -20"><span class='ocrx_word' id='word_1_33' title='bbox 223 923 411 1008; x_wconf 88' lang='lat' dir='ltr'><strong>reliquorum</strong></span> <span class='ocrx_word' id='word_1_34' title='bbox 441 923 726 1004; x_wconf 87' lang='lat' dir='ltr'><strong>grammaticorum.</strong></span> <span class='ocrx_word' id='word_1_35' title='bbox 770 921 834 986; x_wconf 89' lang='lat' dir='ltr'><strong>Diu</strong></span> <span class='ocrx_word' id='word_1_36' title='bbox 860 921 1053 1005; x_wconf 90' lang='lat' dir='ltr'><strong>multumque</strong></span> <span class='ocrx_word' id='word_1_37' title='bbox 1087 922 1236 1004; x_wconf 78' lang='lat' dir='ltr'><strong>cogitanti</strong></span> <span class='ocrx_word' id='word_1_38' title='bbox 1267 907 1345 984; x_wconf 86' lang='lat' dir='ltr'><strong>mihi</strong></span> 
     </span>
     <span class='ocr_line' id='line_1_7' title="bbox 223 1023 1004 1108; baseline -0.006 -15"><span class='ocrx_word' id='word_1_39' title='bbox 223 1047 286 1093; x_wconf 93' lang='lat' dir='ltr'><strong>non</strong></span> <span class='ocrx_word' id='word_1_40' title='bbox 311 1026 442 1108; x_wconf 86' lang='lat' dir='ltr'><strong>contigit-</strong></span> <span class='ocrx_word' id='word_1_41' title='bbox 462 1023 655 1106; x_wconf 82' lang='lat' dir='ltr'><strong>intellegere,</strong></span> <span class='ocrx_word' id='word_1_42' title='bbox 680 1023 755 1108; x_wconf 91' lang='lat' dir='ltr'><strong>quid</strong></span> <span class='ocrx_word' id='word_1_43' title='bbox 777 1024 900 1089; x_wconf 89' lang='lat' dir='ltr'><strong>intersit</strong></span> <span class='ocrx_word' id='word_1_44' title='bbox 922 1024 1004 1088; x_wconf 88' lang='lat' dir='ltr'><strong>inter</strong></span> 
     </span>
    </p>

    <p class='ocr_par' dir='ltr' id='par_1_3' title="bbox 307 1127 1220 1216">
     <span class='ocr_line' id='line_1_8' title="bbox 307 1127 1220 1216; baseline -0.001 -20"><span class='ocrx_word' id='word_1_45' title='bbox 307 1131 380 1216; x_wconf 89' lang='lat' dir='ltr'><strong>Lys.</strong></span> <span class='ocrx_word' id='word_1_46' title='bbox 404 1150 448 1196; x_wconf 89' lang='lat' dir='ltr'><strong>vs.</strong></span> <span class='ocrx_word' id='word_1_47' title='bbox 472 1131 522 1193; x_wconf 83' lang='lat'><strong>73.</strong></span> <span class='ocrx_word' id='word_1_48' title='bbox 546 1129 570 1190; x_wconf 82' lang='grc' dir='ltr'><strong>εἴ</strong></span> <span class='ocrx_word' id='word_1_49' title='bbox 592 1149 616 1190; x_wconf 90' lang='grc' dir='ltr'><strong>τι</strong></span> <span class='ocrx_word' id='word_1_50' title='bbox 638 1133 709 1190; x_wconf 86' lang='grc' dir='ltr'>πάνυ</span> <span class='ocrx_word' id='word_1_51' title='bbox 732 1129 781 1204; x_wconf 87' lang='grc' dir='ltr'>δεῖ,</span> <span class='ocrx_word' id='word_1_52' title='bbox 805 1135 865 1198; x_wconf 82' lang='grc' dir='ltr'>ταῖς</span> <span class='ocrx_word' id='word_1_53' title='bbox 887 1129 1065 1216; x_wconf 78' lang='grc' dir='ltr'>παρούσαισιν</span> <span class='ocrx_word' id='word_1_54' title='bbox 1088 1127 1163 1210; x_wconf 62' lang='grc' dir='ltr'>λέγε.</span> <span class='ocrx_word' id='word_1_55' title='bbox 1189 1137 1220 1194; x_wconf 87' lang='lat' dir='ltr'><strong>et</strong></span> 
     </span>
    </p>

    <p class='ocr_par' dir='ltr' id='par_1_4' title="bbox 174 1231 1346 1633">
     <span class='ocr_line' id='line_1_9' title="bbox 308 1231 1198 1317; baseline -0.007 -17"><span class='ocrx_word' id='word_1_56' title='bbox 308 1235 381 1300; x_wconf 83' lang='lat' dir='ltr'><strong>Pac.</strong></span> <span class='ocrx_word' id='word_1_57' title='bbox 404 1254 449 1300; x_wconf 83' lang='lat' dir='ltr'><strong>vs.</strong></span> <span class='ocrx_word' id='word_1_58' title='bbox 474 1235 526 1300; x_wconf 82' lang='lat'><strong>20.</strong></span> <span class='ocrx_word' id='word_1_59' title='bbox 550 1231 628 1315; x_wconf 78' lang='grc' dir='ltr'>ὑμῶν</span> <span class='ocrx_word' id='word_1_60' title='bbox 651 1234 682 1296; x_wconf 80' lang='grc' dir='ltr'><strong>δέ</strong></span> <span class='ocrx_word' id='word_1_61' title='bbox 704 1232 729 1317; x_wconf 71' lang='grc' dir='ltr'><strong>ρ’</strong></span> <span class='ocrx_word' id='word_1_62' title='bbox 753 1235 777 1296; x_wconf 82' lang='grc' dir='ltr'><strong>εἴ</strong></span> <span class='ocrx_word' id='word_1_63' title='bbox 798 1255 838 1304; x_wconf 81' lang='grc' dir='ltr'><strong>τις</strong></span> <span class='ocrx_word' id='word_1_64' title='bbox 862 1231 922 1310; x_wconf 76' lang='grc' dir='ltr'>οἷδ’,</span> <span class='ocrx_word' id='word_1_65' title='bbox 947 1234 1009 1316; x_wconf 79' lang='grc' dir='ltr'>ἐμοὶ</span> <span class='ocrx_word' id='word_1_66' title='bbox 1031 1239 1198 1296; x_wconf 81' lang='grc' dir='ltr'>κατειπάτω.</span> 
     </span>
     <span class='ocr_line' id='line_1_10' title="bbox 224 1325 1346 1424; baseline -0.001 -20"><span class='ocrx_word' id='word_1_67' title='bbox 224 1325 431 1424; x_wconf 77' lang='lat' dir='ltr'><strong>StrepsiadeS,</strong></span> <span class='ocrx_word' id='word_1_68' title='bbox 458 1346 492 1403; x_wconf 92' lang='lat' dir='ltr'><strong>nt</strong></span> <span class='ocrx_word' id='word_1_69' title='bbox 514 1338 545 1401; x_wconf 92' lang='lat' dir='ltr'><strong>in</strong></span> <span class='ocrx_word' id='word_1_70' title='bbox 574 1349 760 1424; x_wconf 88' lang='lat' dir='ltr'><strong>perpetuum</strong></span> <span class='ocrx_word' id='word_1_71' title='bbox 783 1359 856 1404; x_wconf 89' lang='lat' dir='ltr'><strong>aere</strong></span> <span class='ocrx_word' id='word_1_72' title='bbox 879 1329 982 1404; x_wconf 91' lang='lat' dir='ltr'><strong>alieno</strong></span> <span class='ocrx_word' id='word_1_73' title='bbox 1009 1339 1167 1420; x_wconf 87' lang='lat' dir='ltr'><strong>liberetur,</strong></span> <span class='ocrx_word' id='word_1_74' title='bbox 1190 1337 1288 1402; x_wconf 90' lang='lat' dir='ltr'><strong>filium</strong></span> <span class='ocrx_word' id='word_1_75' title='bbox 1312 1358 1346 1403; x_wconf 91' lang='lat' dir='ltr'><strong>re</strong></span> 
     </span>
     <span class='ocr_line' id='line_1_11' title="bbox 223 1441 1346 1526; baseline -0.004 -19"><span class='ocrx_word' id='word_1_76' title='bbox 223 1441 359 1525; x_wconf 87' lang='lat' dir='ltr'><strong>equestri</strong></span> <span class='ocrx_word' id='word_1_77' title='bbox 385 1441 483 1506; x_wconf 89' lang='lat' dir='ltr'><strong>missa</strong></span> <span class='ocrx_word' id='word_1_78' title='bbox 515 1441 620 1506; x_wconf 89' lang='lat' dir='ltr'><strong>statim</strong></span> <span class='ocrx_word' id='word_1_79' title='bbox 647 1441 858 1526; x_wconf 84' lang='lat' dir='ltr'><strong>sophistarum</strong></span> <span class='ocrx_word' id='word_1_80' title='bbox 892 1442 1007 1519; x_wconf 89' lang='lat' dir='ltr'><strong>scholis</strong></span> <span class='ocrx_word' id='word_1_81' title='bbox 1036 1444 1187 1508; x_wconf 89' lang='lat' dir='ltr'><strong>interesse</strong></span> <span class='ocrx_word' id='word_1_82' title='bbox 1216 1441 1281 1505; x_wconf 88' lang='lat' dir='ltr'><strong>vult</strong></span> <span class='ocrx_word' id='word_1_83' title='bbox 1312 1441 1346 1504; x_wconf 93' lang='lat' dir='ltr'><strong>in</strong></span> 
     </span>
     <span class='ocr_line' id='line_1_12' title="bbox 174 1535 1199 1633; baseline -0.003 -24"><span class='ocrx_word' id='word_1_84' title='bbox 174 1535 178 1548; x_wconf 57' lang='lat'>⁸</span> <span class='ocrx_word' id='word_1_85' title='bbox 224 1543 358 1610; x_wconf 88' lang='lat' dir='ltr'><strong>Nubium</strong></span> <span class='ocrx_word' id='word_1_86' title='bbox 382 1563 426 1610; x_wconf 89' lang='lat' dir='ltr'><strong>vs.</strong></span> <span class='ocrx_word' id='word_1_87' title='bbox 451 1542 512 1606; x_wconf 87' lang='grc'><strong>106</strong></span> <span class='ocrx_word' id='word_1_88' title='bbox 535 1540 604 1606; x_wconf 85' lang='grc' dir='ltr'>ἀλλ”</span> <span class='ocrx_word' id='word_1_89' title='bbox 629 1544 653 1606; x_wconf 81' lang='grc' dir='ltr'><strong>εἴ</strong></span> <span class='ocrx_word' id='word_1_90' title='bbox 674 1567 698 1606; x_wconf 85' lang='grc' dir='ltr'><strong>τι</strong></span> <span class='ocrx_word' id='word_1_91' title='bbox 720 1545 797 1630; x_wconf 74' lang='grc' dir='ltr'>κήδει</span> <span class='ocrx_word' id='word_1_92' title='bbox 820 1552 876 1608; x_wconf 79' lang='grc' dir='ltr'><strong>τῶν</strong></span> <span class='ocrx_word' id='word_1_93' title='bbox 899 1545 1037 1633; x_wconf 72' lang='grc' dir='ltr'>πατρῴων</span> <span class='ocrx_word' id='word_1_94' title='bbox 1062 1546 1199 1632; x_wconf 76' lang='grc' dir='ltr'>ἀλφίτων,</span> 
     </span>
    </p>

    <p class='ocr_par' dir='ltr' id='par_1_5' title="bbox 484 1631 1234 1738">
     <span class='ocr_line' id='line_1_13' title="bbox 484 1631 1234 1738; baseline 0.003 -29"><span class='ocrx_word' id='word_1_95' title='bbox 484 1685 486 1692; x_wconf 82' lang='grc'><strong><em>·</em></strong></span> <span class='ocrx_word' id='word_1_96' title='bbox 531 1649 637 1710; x_wconf 80' lang='grc' dir='ltr'>τούτων</span> <span class='ocrx_word' id='word_1_97' title='bbox 660 1656 739 1733; x_wconf 70' lang='lat' dir='ltr'><strong>qarob</strong></span> <span class='ocrx_word' id='word_1_98' title='bbox 763 1675 807 1734; x_wconf 83' lang='lat' dir='ltr'><strong>por</strong></span> <span class='ocrx_word' id='word_1_99' title='bbox 831 1655 1011 1738; x_wconf 78' lang='grc' dir='ltr'>σχασάμενος</span> <span class='ocrx_word' id='word_1_100' title='bbox 1031 1651 1084 1734; x_wconf 71' lang='grc' dir='ltr'><strong>τὴν</strong></span> <span class='ocrx_word' id='word_1_101' title='bbox 1108 1631 1234 1736; x_wconf 74' lang='grc' dir='ltr'>ἱππικήν</span> 
     </span>
    </p>

    <p class='ocr_par' dir='ltr' id='par_1_6' title="bbox 135 1750 1361 3187">
     <span class='ocr_line' id='line_1_14' title="bbox 225 1750 1345 1841; baseline 0 -25"><span class='ocrx_word' id='word_1_102' title='bbox 225 1751 266 1816; x_wconf 83' lang='lat' dir='ltr'><strong>At</strong></span> <span class='ocrx_word' id='word_1_103' title='bbox 281 1750 394 1816; x_wconf 90' lang='lat' dir='ltr'><strong>chorus</strong></span> <span class='ocrx_word' id='word_1_104' title='bbox 409 1750 500 1816; x_wconf 82' lang='lat' dir='ltr'><strong>Pacis</strong></span> <span class='ocrx_word' id='word_1_105' title='bbox 517 1772 536 1817; x_wconf 91' lang='lat' dir='ltr'><strong>a</strong></span> <span class='ocrx_word' id='word_1_106' title='bbox 552 1751 692 1838; x_wconf 89' lang='lat' dir='ltr'><strong>Trygaeo</strong></span> <span class='ocrx_word' id='word_1_107' title='bbox 710 1754 784 1838; x_wconf 91' lang='lat' dir='ltr'><strong>quid</strong></span> <span class='ocrx_word' id='word_1_108' title='bbox 801 1775 818 1818; x_wconf 89' lang='lat' dir='ltr'><strong>e</strong></span> <span class='ocrx_word' id='word_1_109' title='bbox 833 1776 867 1820; x_wconf 92' lang='lat' dir='ltr'><strong>re</strong></span> <span class='ocrx_word' id='word_1_110' title='bbox 882 1755 1040 1841; x_wconf 80' lang='lat' dir='ltr'><strong>praesenti</strong></span> <span class='ocrx_word' id='word_1_111' title='bbox 1062 1756 1103 1820; x_wconf 89' lang='lat' dir='ltr'><strong>sit</strong></span> <span class='ocrx_word' id='word_1_112' title='bbox 1118 1754 1345 1838; x_wconf 84' lang='lat' dir='ltr'><strong>exploraturus,</strong></span> 
     </span>
     <span class='ocr_line' id='line_1_15' title="bbox 223 1854 1346 1943; baseline 0 -25"><span class='ocrx_word' id='word_1_113' title='bbox 223 1854 370 1938; x_wconf 83' lang='lat' dir='ltr'><strong>idemque</strong></span> <span class='ocrx_word' id='word_1_114' title='bbox 404 1875 586 1940; x_wconf 89' lang='lat' dir='ltr'><strong>responsum</strong></span> <span class='ocrx_word' id='word_1_115' title='bbox 624 1857 729 1922; x_wconf 87' lang='lat' dir='ltr'><strong>statim</strong></span> <span class='ocrx_word' id='word_1_116' title='bbox 763 1857 916 1940; x_wconf 88' lang='lat' dir='ltr'><strong>petiturus</strong></span> <span class='ocrx_word' id='word_1_117' title='bbox 951 1858 1136 1943; x_wconf 85' lang='lat' dir='ltr'><strong>imperativo</strong></span> <span class='ocrx_word' id='word_1_118' title='bbox 1170 1857 1346 1942; x_wconf 88' lang='lat' dir='ltr'><strong>praesentis</strong></span> 
     </span>
     <span class='ocr_line' id='line_1_16' title="bbox 224 1957 1361 2050; baseline -0.001 -29"><span class='ocrx_word' id='word_1_119' title='bbox 224 1957 330 2050; x_wconf 79' lang='lat' dir='ltr'><strong>utitur</strong></span> <span class='ocrx_word' id='word_1_120' title='bbox 342 1977 386 2022; x_wconf 89' lang='lat' dir='ltr'><strong>vs.</strong></span> <span class='ocrx_word' id='word_1_121' title='bbox 410 1959 488 2022; x_wconf 82' lang='lat'>305:</span> <span class='ocrx_word' id='word_1_122' title='bbox 512 1959 581 2047; x_wconf 78' lang='grc' dir='ltr'>πρὸς</span> <span class='ocrx_word' id='word_1_123' title='bbox 602 1960 664 2023; x_wconf 84' lang='grc' dir='ltr'>τάδ’</span> <span class='ocrx_word' id='word_1_124' title='bbox 680 1961 756 2044; x_wconf 82' lang='grc' dir='ltr'>ἡμῖν,</span> <span class='ocrx_word' id='word_1_125' title='bbox 778 1961 802 2022; x_wconf 84' lang='grc' dir='ltr'><strong>εἴ</strong></span> <span class='ocrx_word' id='word_1_126' title='bbox 816 1982 840 2022; x_wconf 89' lang='grc' dir='ltr'><strong>τι</strong></span> <span class='ocrx_word' id='word_1_127' title='bbox 854 1962 911 2050; x_wconf 81' lang='grc' dir='ltr'><strong>χρὴ</strong></span> <span class='ocrx_word' id='word_1_128' title='bbox 927 1963 1004 2050; x_wconf 86' lang='grc' dir='ltr'>δρᾶν,</span> <span class='ocrx_word' id='word_1_129' title='bbox 1021 1966 1118 2050; x_wconf 72' lang='grc' dir='ltr'>φράζε</span> <span class='ocrx_word' id='word_1_130' title='bbox 1132 1963 1361 2048; x_wconf 48' lang='grc' dir='ltr'>κάρχιτεκτόνει,</span> 
     </span>
     <span class='ocr_line' id='line_1_17' title="bbox 224 2061 1346 2153; baseline 0.002 -27"><span class='ocrx_word' id='word_1_131' title='bbox 224 2061 311 2138; x_wconf 82' lang='lat' dir='ltr'><strong>Quae</strong></span> <span class='ocrx_word' id='word_1_132' title='bbox 338 2082 409 2127; x_wconf 91' lang='lat' dir='ltr'><strong>oum</strong></span> <span class='ocrx_word' id='word_1_133' title='bbox 435 2064 481 2127; x_wconf 91' lang='lat' dir='ltr'><strong>ita</strong></span> <span class='ocrx_word' id='word_1_134' title='bbox 508 2065 582 2146; x_wconf 85' lang='lat' dir='ltr'><strong>sint,</strong></span> <span class='ocrx_word' id='word_1_135' title='bbox 611 2065 669 2130; x_wconf 89' lang='lat' dir='ltr'><strong>etsi</strong></span> <span class='ocrx_word' id='word_1_136' title='bbox 699 2065 877 2131; x_wconf 87' lang='lat' dir='ltr'><strong>discrimen</strong></span> <span class='ocrx_word' id='word_1_137' title='bbox 896 2069 977 2132; x_wconf 90' lang='lat' dir='ltr'><strong>inter</strong></span> <span class='ocrx_word' id='word_1_138' title='bbox 1008 2067 1228 2153; x_wconf 84' lang='lat' dir='ltr'><strong>imperativum</strong></span> <span class='ocrx_word' id='word_1_139' title='bbox 1255 2083 1346 2150; x_wconf 90' lang='lat' dir='ltr'><strong>prae-</strong></span> 
     </span>
     <span class='ocr_line' id='line_1_18' title="bbox 225 2161 1346 2252; baseline 0 -22"><span class='ocrx_word' id='word_1_140' title='bbox 225 2166 322 2230; x_wconf 90' lang='lat' dir='ltr'><strong>sentis</strong></span> <span class='ocrx_word' id='word_1_141' title='bbox 339 2172 370 2230; x_wconf 90' lang='lat' dir='ltr'><strong>et</strong></span> <span class='ocrx_word' id='word_1_142' title='bbox 391 2165 502 2231; x_wconf 88' lang='lat' dir='ltr'><strong>aoristi</strong></span> <span class='ocrx_word' id='word_1_143' title='bbox 517 2166 613 2232; x_wconf 87' lang='lat' dir='ltr'><strong>fuisse</strong></span> <span class='ocrx_word' id='word_1_144' title='bbox 636 2161 730 2233; x_wconf 84' lang='lat' dir='ltr'><strong>facile</strong></span> <span class='ocrx_word' id='word_1_145' title='bbox 746 2167 926 2250; x_wconf 85' lang='lat' dir='ltr'><strong>credideris,</strong></span> <span class='ocrx_word' id='word_1_146' title='bbox 950 2177 1057 2234; x_wconf 89' lang='lat' dir='ltr'><strong>tamen</strong></span> <span class='ocrx_word' id='word_1_147' title='bbox 1072 2168 1346 2252; x_wconf 88' lang='lat' dir='ltr'><strong>grammaticorum</strong></span> 
     </span>
     <span class='ocr_line' id='line_1_19' title="bbox 225 2266 1347 2354; baseline -0.001 -21"><span class='ocrx_word' id='word_1_148' title='bbox 225 2266 423 2334; x_wconf 89' lang='lat' dir='ltr'><strong>definitiones</strong></span> <span class='ocrx_word' id='word_1_149' title='bbox 439 2269 623 2354; x_wconf 89' lang='lat' dir='ltr'><strong>plerumque</strong></span> <span class='ocrx_word' id='word_1_150' title='bbox 640 2272 815 2335; x_wconf 87' lang='lat' dir='ltr'><strong>sententiae</strong></span> <span class='ocrx_word' id='word_1_151' title='bbox 828 2271 982 2354; x_wconf 88' lang='lat' dir='ltr'><strong>quadrare</strong></span> <span class='ocrx_word' id='word_1_152' title='bbox 997 2291 1087 2353; x_wconf 86' lang='lat' dir='ltr'><strong>nego.</strong></span> <span class='ocrx_word' id='word_1_153' title='bbox 1123 2269 1347 2354; x_wconf 83' lang='lat' dir='ltr'><strong>Exemplorum</strong></span> 
     </span>
     <span class='ocr_line' id='line_1_20' title="bbox 224 2363 1346 2456; baseline 0 -21"><span class='ocrx_word' id='word_1_154' title='bbox 224 2369 525 2456; x_wconf 86' lang='lat' dir='ltr'><strong>Aristophaneorum</strong></span> <span class='ocrx_word' id='word_1_155' title='bbox 553 2367 703 2438; x_wconf 86' lang='lat' dir='ltr'><strong>numerus&#39;</strong></span> <span class='ocrx_word' id='word_1_156' title='bbox 727 2374 827 2438; x_wconf 90' lang='lat' dir='ltr'><strong>rarior</strong></span> <span class='ocrx_word' id='word_1_157' title='bbox 854 2363 912 2455; x_wconf 87' lang='lat' dir='ltr'><strong>est,</strong></span> <span class='ocrx_word' id='word_1_158' title='bbox 940 2393 1033 2456; x_wconf 89' lang='lat' dir='ltr'><strong>quam</strong></span> <span class='ocrx_word' id='word_1_159' title='bbox 1061 2379 1096 2437; x_wconf 90' lang='lat' dir='ltr'><strong>nt</strong></span> <span class='ocrx_word' id='word_1_160' title='bbox 1118 2393 1158 2438; x_wconf 91' lang='lat' dir='ltr'><strong>ex</strong></span> <span class='ocrx_word' id='word_1_161' title='bbox 1180 2373 1229 2454; x_wconf 91' lang='lat' dir='ltr'><strong>iis,</strong></span> <span class='ocrx_word' id='word_1_162' title='bbox 1253 2391 1346 2455; x_wconf 85' lang='lat' dir='ltr'><strong>quarn</strong></span> 
     </span>
     <span class='ocr_line' id='line_1_21' title="bbox 223 2475 1346 2560; baseline 0.002 -22"><span class='ocrx_word' id='word_1_163' title='bbox 223 2493 366 2542; x_wconf 90' lang='lat' dir='ltr'><strong>normam</strong></span> <span class='ocrx_word' id='word_1_164' title='bbox 389 2476 487 2541; x_wconf 88' lang='lat' dir='ltr'><strong>secuti</strong></span> <span class='ocrx_word' id='word_1_165' title='bbox 510 2476 572 2541; x_wconf 90' lang='lat' dir='ltr'><strong>sint</strong></span> <span class='ocrx_word' id='word_1_166' title='bbox 595 2475 717 2559; x_wconf 88' lang='lat' dir='ltr'><strong>comici,</strong></span> <span class='ocrx_word' id='word_1_167' title='bbox 738 2481 870 2559; x_wconf 87' lang='lat' dir='ltr'><strong>statuas,</strong></span> <span class='ocrx_word' id='word_1_168' title='bbox 887 2476 919 2541; x_wconf 93' lang='lat' dir='ltr'><strong>id</strong></span> <span class='ocrx_word' id='word_1_169' title='bbox 942 2497 1038 2541; x_wconf 90' lang='lat' dir='ltr'><strong>unum</strong></span> <span class='ocrx_word' id='word_1_170' title='bbox 1059 2475 1219 2541; x_wconf 86' lang='lat' dir='ltr'><strong>affirmari</strong></span> <span class='ocrx_word' id='word_1_171' title='bbox 1231 2479 1346 2560; x_wconf 89' lang='lat' dir='ltr'><strong>potest,</strong></span> 
     </span>
     <span class='ocr_line' id='line_1_22' title="bbox 222 2576 1345 2665; baseline -0.002 -23"><span class='ocrx_word' id='word_1_172' title='bbox 222 2578 442 2663; x_wconf 74' lang='lat' dir='ltr'><strong>imperativum</strong></span> <span class='ocrx_word' id='word_1_173' title='bbox 454 2576 630 2663; x_wconf 83' lang='lat' dir='ltr'><strong>praesentis</strong></span> <span class='ocrx_word' id='word_1_174' title='bbox 643 2581 768 2664; x_wconf 90' lang='lat' dir='ltr'><strong>saepius</strong></span> <span class='ocrx_word' id='word_1_175' title='bbox 775 2578 917 2646; x_wconf 89' lang='lat' dir='ltr'><strong>adhiberi</strong></span> <span class='ocrx_word' id='word_1_176' title='bbox 927 2581 961 2645; x_wconf 97' lang='lat' dir='ltr'><strong>in</strong></span> <span class='ocrx_word' id='word_1_177' title='bbox 971 2579 1103 2665; x_wconf 89' lang='lat' dir='ltr'><strong>apodosi</strong></span> <span class='ocrx_word' id='word_1_178' title='bbox 1116 2579 1345 2645; x_wconf 87' lang='lat' dir='ltr'><strong>enuntiatorum</strong></span> 
     </span>
     <span class='ocr_line' id='line_1_23' title="bbox 223 2679 1346 2768; baseline 0 -23"><span class='ocrx_word' id='word_1_179' title='bbox 223 2679 486 2746; x_wconf 90' lang='lat' dir='ltr'><strong>condicionalium</strong></span> <span class='ocrx_word' id='word_1_180' title='bbox 513 2700 646 2764; x_wconf 91' lang='lat' dir='ltr'><strong>eumque</strong></span> <span class='ocrx_word' id='word_1_181' title='bbox 673 2681 782 2749; x_wconf 88' lang='lat' dir='ltr'><strong>multis</strong></span> <span class='ocrx_word' id='word_1_182' title='bbox 809 2682 886 2748; x_wconf 89' lang='lat' dir='ltr'><strong>locis</strong></span> <span class='ocrx_word' id='word_1_183' title='bbox 909 2683 1095 2768; x_wconf 85' lang='lat' dir='ltr'><strong>imperativo</strong></span> <span class='ocrx_word' id='word_1_184' title='bbox 1122 2683 1229 2749; x_wconf 87' lang='lat' dir='ltr'><strong>aoristi</strong></span> <span class='ocrx_word' id='word_1_185' title='bbox 1251 2699 1346 2746; x_wconf 89' lang='lat' dir='ltr'><strong>sensu</strong></span> 
     </span>
     <span class='ocr_line' id='line_1_24' title="bbox 221 2781 1346 2872; baseline -0.002 -24"><span class='ocrx_word' id='word_1_186' title='bbox 221 2801 330 2866; x_wconf 90' lang='lat' dir='ltr'><strong>parem</strong></span> <span class='ocrx_word' id='word_1_187' title='bbox 343 2803 421 2850; x_wconf 90' lang='lat' dir='ltr'><strong>esse.</strong></span> <span class='ocrx_word' id='word_1_188' title='bbox 445 2781 610 2868; x_wconf 85' lang='lat' dir='ltr'><strong>Utriusque</strong></span> <span class='ocrx_word' id='word_1_189' title='bbox 623 2785 755 2850; x_wconf 91' lang='lat' dir='ltr'><strong>membri</strong></span> <span class='ocrx_word' id='word_1_190' title='bbox 768 2785 880 2852; x_wconf 88' lang='lat' dir='ltr'><strong>relatio</strong></span> <span class='ocrx_word' id='word_1_191' title='bbox 893 2786 925 2851; x_wconf 95' lang='lat' dir='ltr'><strong>in</strong></span> <span class='ocrx_word' id='word_1_192' title='bbox 938 2784 997 2852; x_wconf 89' lang='lat' dir='ltr'><strong>hae</strong></span> <span class='ocrx_word' id='word_1_193' title='bbox 1013 2787 1120 2872; x_wconf 87' lang='lat' dir='ltr'><strong>speeie</strong></span> <span class='ocrx_word' id='word_1_194' title='bbox 1137 2783 1346 2851; x_wconf 89' lang='lat' dir='ltr'><strong>condicionali</strong></span> 
     </span>
     <span class='ocr_line' id='line_1_25' title="bbox 223 2886 1346 2974; baseline 0.002 -24"><span class='ocrx_word' id='word_1_195' title='bbox 223 2886 319 2968; x_wconf 83' lang='lat' dir='ltr'><strong>artior</strong></span> <span class='ocrx_word' id='word_1_196' title='bbox 345 2893 393 2952; x_wconf 87' lang='lat' dir='ltr'><strong>cst</strong></span> <span class='ocrx_word' id='word_1_197' title='bbox 416 2905 508 2971; x_wconf 90' lang='lat' dir='ltr'><strong>quam</strong></span> <span class='ocrx_word' id='word_1_198' title='bbox 539 2887 572 2952; x_wconf 91' lang='lat' dir='ltr'><strong>in</strong></span> <span class='ocrx_word' id='word_1_199' title='bbox 587 2887 754 2972; x_wconf 86' lang='lat' dir='ltr'><strong>¹superiore</strong></span> <span class='ocrx_word' id='word_1_200' title='bbox 781 2909 882 2973; x_wconf 90' lang='lat' dir='ltr'><strong>neque</strong></span> <span class='ocrx_word' id='word_1_201' title='bbox 905 2887 1033 2954; x_wconf 87' lang='lat' dir='ltr'><strong>deflexit</strong></span> <span class='ocrx_word' id='word_1_202' title='bbox 1060 2888 1232 2974; x_wconf 88' lang='lat' dir='ltr'><strong>particulae</strong></span> <span class='ocrx_word' id='word_1_203' title='bbox 1254 2889 1278 2950; x_wconf 86' lang='grc' dir='ltr'><strong>εἰ</strong></span> <span class='ocrx_word' id='word_1_204' title='bbox 1291 2888 1346 2952; x_wconf 78' lang='lat' dir='ltr'><strong>&#39;vis</strong></span> 
     </span>
     <span class='ocr_line' id='line_1_26' title="bbox 224 2987 1345 3076; baseline 0.003 -25"><span class='ocrx_word' id='word_1_205' title='bbox 224 2987 284 3052; x_wconf 90' lang='lat' dir='ltr'><strong>nisi</strong></span> <span class='ocrx_word' id='word_1_206' title='bbox 307 2989 339 3052; x_wconf 92' lang='lat' dir='ltr'><strong>in</strong></span> <span class='ocrx_word' id='word_1_207' title='bbox 354 2988 589 3074; x_wconf 89' lang='lat' dir='ltr'><strong>Dioaeopolidis</strong></span> <span class='ocrx_word' id='word_1_208' title='bbox 612 2990 753 3055; x_wconf 88' lang='lat' dir='ltr'><strong>oratione</strong></span> <span class='ocrx_word' id='word_1_209' title='bbox 776 3012 815 3056; x_wconf 91' lang='lat' dir='ltr'><strong>ex</strong></span> <span class='ocrx_word' id='word_1_210' title='bbox 835 2990 971 3076; x_wconf 91' lang='lat' dir='ltr'><strong>Telepho</strong></span> <span class='ocrx_word' id='word_1_211' title='bbox 992 2991 1161 3076; x_wconf 87' lang='lat' dir='ltr'><strong>Euripideo</strong></span> <span class='ocrx_word' id='word_1_212' title='bbox 1182 3011 1345 3076; x_wconf 85' lang='lat' dir='ltr'><strong>expressa:</strong></span> 
     </span>
     <span class='ocr_line' id='line_1_27' title="bbox 135 3089 1298 3187; baseline 0.002 -29"><span class='ocrx_word' id='word_1_213' title='bbox 135 3151 138 3158; x_wconf 36' lang='lat' dir='ltr'><strong>r</strong></span> <span class='ocrx_word' id='word_1_214' title='bbox 223 3089 302 3156; x_wconf 76' lang='lat' dir='ltr'><strong>Aah.</strong></span> <span class='ocrx_word' id='word_1_215' title='bbox 325 3111 369 3158; x_wconf 87' lang='lat' dir='ltr'><strong>vs.</strong></span> <span class='ocrx_word' id='word_1_216' title='bbox 392 3093 466 3157; x_wconf 90' lang='grc'><strong>496.</strong></span> <span class='ocrx_word' id='word_1_217' title='bbox 621 3097 662 3177; x_wconf 76' lang='grc' dir='ltr'><strong>μή</strong></span> <span class='ocrx_word' id='word_1_218' title='bbox 686 3117 731 3178; x_wconf 79' lang='grc' dir='ltr'><strong>μοι</strong></span> <span class='ocrx_word' id='word_1_219' title='bbox 754 3093 927 3181; x_wconf 73' lang='grc' dir='ltr'>φθονήσητ’,</span> <span class='ocrx_word' id='word_1_220' title='bbox 952 3145 959 3158; x_wconf 90' lang='grc'><strong>.</strong></span> <span class='ocrx_word' id='word_1_221' title='bbox 985 3143 993 3157; x_wconf 93' lang='grc'><strong>.</strong></span> <span class='ocrx_word' id='word_1_222' title='bbox 1018 3144 1025 3158; x_wconf 95' lang='grc'><strong>.</strong></span> <span class='ocrx_word' id='word_1_223' title='bbox 1052 3127 1065 3187; x_wconf 73' lang='grc' dir='ltr'>ρ</span> <span class='ocrx_word' id='word_1_224' title='bbox 1207 3101 1208 3104; x_wconf 72' lang='grc'>’</span> <span class='ocrx_word' id='word_1_225' title='bbox 1297 3167 1298 3170; x_wconf 11' lang='lat'>¹</span> 
     </span>
    </p>

    <p class='ocr_par' dir='ltr' id='par_1_7' title="bbox 621 3197 1301 3286">
     <span class='ocr_line' id='line_1_28' title="bbox 621 3197 1301 3286; baseline 0 -26"><span class='ocrx_word' id='word_1_226' title='bbox 621 3200 645 3260; x_wconf 79' lang='lat' dir='ltr'><strong>ei</strong></span> <span class='ocrx_word' id='word_1_227' title='bbox 667 3201 781 3286; x_wconf 79' lang='grc' dir='ltr'>πτωχὸς</span> <span class='ocrx_word' id='word_1_228' title='bbox 804 3201 843 3263; x_wconf 84' lang='grc' dir='ltr'><strong>ὢν</strong></span> <span class='ocrx_word' id='word_1_229' title='bbox 866 3199 949 3264; x_wconf 83' lang='grc' dir='ltr'>ἔπειτ’</span> <span class='ocrx_word' id='word_1_230' title='bbox 973 3201 1002 3264; x_wconf 86' lang='grc' dir='ltr'><strong>ἐν</strong></span> <span class='ocrx_word' id='word_1_231' title='bbox 1027 3197 1191 3283; x_wconf 68' lang='grc' dir='ltr'>Ἀθηναίοις</span> <span class='ocrx_word' id='word_1_232' title='bbox 1211 3200 1301 3284; x_wconf 60' lang='grc' dir='ltr'>λέγειν</span> 
     </span>
    </p>

    <p class='ocr_par' dir='ltr' id='par_1_8' title="bbox 623 3305 1027 3395">
     <span class='ocr_line' id='line_1_29' title="bbox 623 3305 1027 3395; baseline 0.007 -29"><span class='ocrx_word' id='word_1_233' title='bbox 623 3305 725 3387; x_wconf 81' lang='grc' dir='ltr'>μέλλω</span> <span class='ocrx_word' id='word_1_234' title='bbox 748 3307 809 3395; x_wconf 90' lang='grc' dir='ltr'>περὶ</span> <span class='ocrx_word' id='word_1_235' title='bbox 830 3309 884 3391; x_wconf 67' lang='grc' dir='ltr'><strong>τῆς</strong></span> <span class='ocrx_word' id='word_1_236' title='bbox 906 3307 1027 3377; x_wconf 78' lang='grc' dir='ltr'>πολεως.</span> 
     </span>
    </p>

    <p class='ocr_par' dir='ltr' id='par_1_9' title="bbox 222 3405 1378 4015">
     <span class='ocr_line' id='line_1_30' title="bbox 308 3405 1378 3497; baseline 0.004 -25"><span class='ocrx_word' id='word_1_237' title='bbox 308 3407 480 3474; x_wconf 90' lang='lat' dir='ltr'><strong>Alacritate</strong></span> <span class='ocrx_word' id='word_1_238' title='bbox 494 3405 632 3492; x_wconf 90' lang='lat' dir='ltr'><strong>quadam</strong></span> <span class='ocrx_word' id='word_1_239' title='bbox 648 3410 744 3474; x_wconf 88' lang='lat' dir='ltr'><strong>animi</strong></span> <span class='ocrx_word' id='word_1_240' title='bbox 762 3411 844 3495; x_wconf 90' lang='lat' dir='ltr'><strong>quod</strong></span> <span class='ocrx_word' id='word_1_241' title='bbox 860 3412 927 3495; x_wconf 90' lang='lat' dir='ltr'><strong>quis</strong></span> <span class='ocrx_word' id='word_1_242' title='bbox 942 3411 1012 3476; x_wconf 87' lang='lat' dir='ltr'><strong>fieri</strong></span> <span class='ocrx_word' id='word_1_243' title='bbox 1027 3409 1244 3476; x_wconf 90' lang='lat' dir='ltr'><strong>ardentissime</strong></span> <span class='ocrx_word' id='word_1_244' title='bbox 1260 3411 1346 3497; x_wconf 91' lang='lat' dir='ltr'><strong>cupit</strong></span> <span class='ocrx_word' id='word_1_245' title='bbox 1375 3417 1378 3426; x_wconf 84' lang='grc'><em>“</em></span> 
     </span>
     <span class='ocr_line' id='line_1_31' title="bbox 222 3502 1347 3597; baseline 0.006 -24"><span class='ocrx_word' id='word_1_246' title='bbox 222 3510 444 3592; x_wconf 85' lang='lat' dir='ltr'><strong>interrogative</strong></span> <span class='ocrx_word' id='word_1_247' title='bbox 477 3502 537 3597; x_wconf 83' lang='lat' dir='ltr'><strong>per</strong></span> <span class='ocrx_word' id='word_1_248' title='bbox 566 3513 592 3574; x_wconf 79' lang='grc' dir='ltr'><strong>τί</strong></span> <span class='ocrx_word' id='word_1_249' title='bbox 625 3513 657 3575; x_wconf 79' lang='grc' dir='ltr'><strong>οὐ</strong></span> <span class='ocrx_word' id='word_1_250' title='bbox 691 3531 762 3578; x_wconf 89' lang='lat' dir='ltr'><strong>oum</strong></span> <span class='ocrx_word' id='word_1_251' title='bbox 795 3514 965 3580; x_wconf 84' lang='lat' dir='ltr'><strong>indicativo</strong></span> <span class='ocrx_word' id='word_1_252' title='bbox 998 3513 1104 3580; x_wconf 90' lang='lat' dir='ltr'><strong>aoristi</strong></span> <span class='ocrx_word' id='word_1_253' title='bbox 1123 3514 1169 3578; x_wconf 88' lang='lat' dir='ltr'><strong>in</strong></span> <span class='ocrx_word' id='word_1_254' title='bbox 1203 3534 1347 3580; x_wconf 89' lang='lat' dir='ltr'><strong>sermone</strong></span> 
     </span>
     <span class='ocr_line' id='line_1_32' title="bbox 223 3614 1346 3701; baseline 0.004 -24"><span class='ocrx_word' id='word_1_255' title='bbox 223 3631 337 3694; x_wconf 85' lang='lat' dir='ltr'><strong>graeco</strong></span> <span class='ocrx_word' id='word_1_256' title='bbox 360 3614 554 3698; x_wconf 82' lang='lat' dir='ltr'><strong>exprimitur,</strong></span> <span class='ocrx_word' id='word_1_257' title='bbox 578 3618 630 3700; x_wconf 92' lang='lat' dir='ltr'><strong>qui</strong></span> <span class='ocrx_word' id='word_1_258' title='bbox 652 3635 726 3683; x_wconf 91' lang='lat' dir='ltr'><strong>usus</strong></span> <span class='ocrx_word' id='word_1_259' title='bbox 749 3616 791 3681; x_wconf 92' lang='lat' dir='ltr'><strong>ad</strong></span> <span class='ocrx_word' id='word_1_260' title='bbox 812 3616 1033 3701; x_wconf 88' lang='lat' dir='ltr'><strong>Aristophanis</strong></span> <span class='ocrx_word' id='word_1_261' title='bbox 1056 3635 1232 3682; x_wconf 90' lang='lat' dir='ltr'><strong>sermonem</strong></span> <span class='ocrx_word' id='word_1_262' title='bbox 1255 3617 1346 3683; x_wconf 87' lang='lat' dir='ltr'><strong>fami·</strong></span> 
     </span>
     <span class='ocr_line' id='line_1_33' title="bbox 223 3715 1346 3787; baseline 0.006 -7"><span class='ocrx_word' id='word_1_263' title='bbox 223 3715 332 3781; x_wconf 89' lang='lat' dir='ltr'><strong>liarem</strong></span> <span class='ocrx_word' id='word_1_264' title='bbox 357 3718 704 3787; x_wconf 87' lang='lat' dir='ltr'><strong>accommodatissimus</strong></span> <span class='ocrx_word' id='word_1_265' title='bbox 727 3717 783 3785; x_wconf 85' lang='lat' dir='ltr'><strong>est.</strong></span> <span class='ocrx_word' id='word_1_266' title='bbox 829 3719 892 3784; x_wconf 89' lang='lat' dir='ltr'><strong>Sed</strong></span> <span class='ocrx_word' id='word_1_267' title='bbox 908 3719 999 3785; x_wconf 89' lang='lat' dir='ltr'><strong>huius</strong></span> <span class='ocrx_word' id='word_1_268' title='bbox 1022 3721 1254 3786; x_wconf 90' lang='lat' dir='ltr'><strong>enuntiatorum</strong></span> <span class='ocrx_word' id='word_1_269' title='bbox 1270 3741 1346 3787; x_wconf 92' lang='lat' dir='ltr'><strong>con·</strong></span> 
     </span>
     <span class='ocr_line' id='line_1_34' title="bbox 223 3818 1344 3911; baseline 0.003 -28"><span class='ocrx_word' id='word_1_270' title='bbox 223 3818 423 3886; x_wconf 89' lang='lat' dir='ltr'><strong>dicionalium</strong></span> <span class='ocrx_word' id='word_1_271' title='bbox 447 3820 567 3888; x_wconf 86' lang='lat' dir='ltr'><strong>formae</strong></span> <span class='ocrx_word' id='word_1_272' title='bbox 589 3824 793 3911; x_wconf 86' lang='lat' dir='ltr'><strong>imperativus</strong></span> <span class='ocrx_word' id='word_1_273' title='bbox 816 3823 877 3888; x_wconf 91' lang='lat' dir='ltr'><strong>nisi</strong></span> <span class='ocrx_word' id='word_1_274' title='bbox 905 3842 967 3888; x_wconf 92' lang='lat' dir='ltr'><strong>uno</strong></span> <span class='ocrx_word' id='word_1_275' title='bbox 989 3823 1068 3889; x_wconf 91' lang='lat' dir='ltr'><strong>loco.</strong></span> <span class='ocrx_word' id='word_1_276' title='bbox 1115 3823 1190 3889; x_wconf 86' lang='lat' dir='ltr'><strong>Ach.</strong></span> <span class='ocrx_word' id='word_1_277' title='bbox 1215 3845 1258 3890; x_wconf 91' lang='lat' dir='ltr'><strong>vs.</strong></span> <span class='ocrx_word' id='word_1_278' title='bbox 1283 3825 1344 3887; x_wconf 82' lang='lat'><strong>591</strong></span> 
     </span>
     <span class='ocr_line' id='line_1_35' title="bbox 222 3921 1083 4015; baseline 0.002 -27"><span class='ocrx_word' id='word_1_279' title='bbox 222 3921 279 3988; x_wconf 90' lang='lat' dir='ltr'><strong>tali</strong></span> <span class='ocrx_word' id='word_1_280' title='bbox 301 3921 395 3989; x_wconf 91' lang='lat' dir='ltr'><strong>modo</strong></span> <span class='ocrx_word' id='word_1_281' title='bbox 418 3943 481 3989; x_wconf 92' lang='lat' dir='ltr'><strong>non</strong></span> <span class='ocrx_word' id='word_1_282' title='bbox 509 3926 785 3994; x_wconf 87' lang='lat' dir='ltr'><strong>circumscribitur:</strong></span> <span class='ocrx_word' id='word_1_283' title='bbox 820 3927 844 3988; x_wconf 81' lang='grc' dir='ltr'><strong>εἰ</strong></span> <span class='ocrx_word' id='word_1_284' title='bbox 866 3925 891 3989; x_wconf 88' lang='grc' dir='ltr'><strong>δ’</strong></span> <span class='ocrx_word' id='word_1_285' title='bbox 914 3927 1028 4015; x_wconf 81' lang='grc' dir='ltr'>ἰσχυρὸς</span> <span class='ocrx_word' id='word_1_286' title='bbox 1050 3929 1083 4004; x_wconf 81' lang='grc' dir='ltr'><strong>εἶ,</strong></span> 
     </span>
    </p>

    <p class='ocr_par' dir='ltr' id='par_1_10' title="bbox 223 4030 1347 4327">
     <span class='ocr_line' id='line_1_36' title="bbox 470 4030 1266 4125; baseline 0.009 -34"><span class='ocrx_word' id='word_1_287' title='bbox 470 4030 495 4091; x_wconf 82' lang='grc' dir='ltr'><strong>τί</strong></span> <span class='ocrx_word' id='word_1_288' title='bbox 518 4031 589 4114; x_wconf 74' lang='lat' dir='ltr'><strong>poda</strong></span> <span class='ocrx_word' id='word_1_289' title='bbox 613 4032 824 4120; x_wconf 80' lang='grc' dir='ltr'>ἀπεψώλησας;</span> <span class='ocrx_word' id='word_1_290' title='bbox 847 4032 867 4097; x_wconf 89' lang='lat' dir='ltr'><strong>i.</strong></span> <span class='ocrx_word' id='word_1_291' title='bbox 891 4051 919 4096; x_wconf 85' lang='lat' dir='ltr'><strong>e.</strong></span> <span class='ocrx_word' id='word_1_292' title='bbox 943 4033 1048 4098; x_wconf 79' lang='lat' dir='ltr'><strong>statim</strong></span> <span class='ocrx_word' id='word_1_293' title='bbox 1066 4053 1121 4125; x_wconf 85' lang='lat' dir='ltr'><strong>¹me</strong></span> <span class='ocrx_word' id='word_1_294' title='bbox 1143 4031 1266 4119; x_wconf 84' lang='lat' dir='ltr'><strong>pedica.</strong></span> 
     </span>
     <span class='ocr_line' id='line_1_37' title="bbox 308 4125 1347 4232; baseline 0.006 -35"><span class='ocrx_word' id='word_1_295' title='bbox 308 4131 496 4232; x_wconf 78' lang='lat' dir='ltr'><strong>imperativo</strong></span> <span class='ocrx_word' id='word_1_296' title='bbox 519 4125 695 4220; x_wconf 80' lang='lat' dir='ltr'><strong>praesentis</strong></span> <span class='ocrx_word' id='word_1_297' title='bbox 718 4144 750 4203; x_wconf 89' lang='lat' dir='ltr'><strong>et</strong></span> <span class='ocrx_word' id='word_1_298' title='bbox 771 4137 879 4203; x_wconf 90' lang='lat' dir='ltr'><strong>aoristi</strong></span> <span class='ocrx_word' id='word_1_299' title='bbox 903 4138 1039 4204; x_wconf 83' lang='lat' dir='ltr'><strong>maxime</strong></span> <span class='ocrx_word' id='word_1_300' title='bbox 1068 4137 1171 4206; x_wconf 87' lang='lat' dir='ltr'><strong>affinis</strong></span> <span class='ocrx_word' id='word_1_301' title='bbox 1195 4145 1243 4205; x_wconf 89' lang='lat' dir='ltr'><strong>est</strong></span> <span class='ocrx_word' id='word_1_302' title='bbox 1263 4136 1347 4204; x_wconf 92' lang='lat' dir='ltr'><strong>indi·</strong></span> 
     </span>
     <span class='ocr_line' id='line_1_38' title="bbox 223 4233 1347 4327; baseline 0.006 -27"><span class='ocrx_word' id='word_1_303' title='bbox 223 4233 343 4304; x_wconf 87' lang='lat' dir='ltr'><strong>cativus</strong></span> <span class='ocrx_word' id='word_1_304' title='bbox 380 4235 491 4320; x_wconf 85' lang='lat' dir='ltr'><strong>futuri,</strong></span> <span class='ocrx_word' id='word_1_305' title='bbox 526 4239 613 4306; x_wconf 88' lang='lat' dir='ltr'><strong>cuius</strong></span> <span class='ocrx_word' id='word_1_306' title='bbox 650 4241 771 4308; x_wconf 87' lang='lat' dir='ltr'><strong>formae</strong></span> <span class='ocrx_word' id='word_1_307' title='bbox 810 4241 993 4327; x_wconf 85' lang='lat' dir='ltr'><strong>saepissime</strong></span> <span class='ocrx_word' id='word_1_308' title='bbox 1028 4241 1205 4326; x_wconf 83' lang='lat' dir='ltr'><strong>imperativi</strong></span> <span class='ocrx_word' id='word_1_309' title='bbox 1242 4241 1347 4309; x_wconf 87' lang='lat' dir='ltr'><strong>locum</strong></span> 
     </span>
    </p>
   </div>
   <div class='ocr_carea' id='block_1_3' title="bbox 0 0 1547 4664">
    <p class='ocr_par' dir='ltr' id='par_1_11' title="bbox 0 0 1547 4664">
     <span class='ocr_line' id='line_1_39' title="bbox 0 0 1547 4664; baseline 0 0"><span class='ocrx_word' id='word_1_310' title='bbox 0 0 1547 4664; x_wconf 95' lang='lat' dir='ltr'><strong> </strong></span> 
     </span>
    </p>
   </div>
  </div>
 </body>
</html>
