3082 4664
641 281 850 370 ..57-

185 494 331 583 Euelpidi
349 497 485 576 miranti,
498 496 579 580 quod
597 515 671 562 aves
687 497 838 561 ministris
853 495 1025 578 indigeant,
1039 517 1163 582 upupae
1175 494 1310 561 famulus

184 597 252 665 heri
273 597 421 666 libidines
436 607 557 665 narrat:
581 599 614 664 Si
636 619 736 684 apuas
753 598 921 666 comedere
935 599 1010 680 vult,
1027 619 1116 665 curro
1139 597 1181 665 ad
1201 618 1310 684 apuas,

184 702 210 768 si
237 701 355 788 pultem
384 699 553 784 desiderat,
582 703 694 768 iterum
722 699 797 766 milri
827 701 1015 768 currendum
1044 713 1100 768 est.
1148 703 1251 787 Atque
1277 703 1310 766 in

183 824 229 870 vs.
246 805 287 868 76
310 823 367 891 pro
389 805 453 867 τοτέ
469 824 489 869 a
503 804 591 871 libris
613 805 837 890 manuscriptis
852 804 967 871 tradito
991 804 1167 871 Meinekius
1191 805 1311 890 protasi

183 907 378 992 paratactica
404 906 509 974 deleta
534 927 597 972 non
625 906 761 973 debebat
788 907 835 969 ὅτε
857 909 1038 976 coniectura
1071 928 1198 993 ponere.
1243 907 1310 973 Ad-

180 1010 311 1076 modum
340 1011 544 1077 memorabile
567 1019 624 1092 est,
648 1031 692 1076 vs.
717 1012 757 1078 78
782 1010 941 1097 duplicem
965 1012 1119 1096 'protasim
1143 1012 1311 1095 paratacti-

184 1133 254 1179 carn
278 1115 440 1196 contineri,
464 1116 552 1180 cuius
577 1115 731 1181 rationem
755 1115 801 1180 sic
816 1115 922 1180 animo
945 1114 1114 1180 informare
1129 1132 1309 1200 possumus:

183 1217 278 1290 ἔτνους
311 1218 447 1302 ἐπιθυμεῖ,
487 1220 528 1283 δεῖ
553 1219 672 1306 τορύνης
698 1218 745 1280 καί
770 1216 897 1306 ηύτραςῖί
910 1219 951 1282 δεῖ
976 1219 1095 1306 τορύνης
1122 1217 1168 1281 καί
1193 1219 1309 1305 χύτρας,

182 1325 276 1412 τρέχω
303 1323 347 1388 ἐπὶ
373 1325 500 1413 τορύνην.
547 1321 605 1400 Qui
632 1328 779 1388 accurato
806 1321 890 1387 hunc
923 1322 1026 1388 locum
1055 1322 1309 1404 consideraverit,

182 1427 343 1516 Blaydesii
357 1430 482 1512 signum
496 1427 750 1510 interrogationis
765 1427 861 1499 ἔτνους
883 1427 1026 1512 ἐπιθυμεῖς
1049 1426 1309 1494 absurdissimum

182 1554 253 1600 esse
274 1534 446 1616 intelleget.
492 1532 650 1618 Sequitur:

284 1635 340 1702 Th.
365 1657 408 1703 vs.
431 1638 504 1701 405.
527 1642 625 1720 rupuar
647 1640 719 1724 κάρη
741 1658 790 1712 τις,
814 1635 901 1708 εὐθὺς
923 1637 1049 1725 ἁδελφὸς
1070 1625 1156 1721 λίηει·

433 1742 496 1806 407
520 1791 527 1806 .
553 1791 560 1805 .
585 1791 593 1805 .
616 1745 685 1827 ηυνη
701 1765 741 1812 τις
756 1741 952 1826 ὑποβαλέσθαι
974 1742 1105 1826 βούλεται

526 1849 671 1935 ἀποροῦσα
692 1849 808 1923 παίδων,
832 1846 897 1912 οὐδὲ
919 1847 994 1914 τοῦτ’
1007 1838 1080 1911 ἔστιν
1101 1849 1212 1911 λαθεῖν.

182 1950 283 2017 Locus
312 1971 351 2016 ex
379 1951 543 2017 mulierum
572 1952 612 2018 de
628 1952 802 2039 Euripide,
829 1955 966 2019 virorum
995 1961 1187 2038 corruptore,
1216 1972 1308 2017 accu-

182 2053 354 2119 sationibus
388 2060 532 2139 sumptus
566 2064 623 2121 est.
673 2054 739 2133 Quo
774 2057 899 2142 planius
935 2055 1163 2123 condicionalis
1197 2054 1307 2121 horum

181 2175 327 2220 versuum
356 2175 467 2221 sensus
495 2165 647 2242 appareat
674 2179 733 2224 nec
761 2178 825 2223 non
852 2157 891 2223 de
920 2157 1082 2243 Blaydesii
1109 2157 1309 2224 distinctione

181 2265 280 2343 κάμνει
301 2263 373 2347 κόρη
396 2279 451 2343 τις;
477 2259 609 2326 iudicari
637 2263 745 2345 possit,
774 2281 892 2343 versuo,
923 2263 975 2345 qui
1003 2261 1204 2343 antecedunt,
1238 2281 1309 2346 per-

181 2365 284 2431 scribo
306 2363 381 2430 inde
404 2384 423 2429 a
547 2386 592 2432 vs.
616 2366 680 2430 400
784 2367 834 2430 ε’άν
855 2371 941 2452 μόνον
961 2368 1056 2450 πλὲκη

312 2525 315 2532 .
387 2473 456 2555 ηυνὴ
479 2473 627 2558 στέφανον,
652 2471 718 2560 ἐρᾶν
740 2473 815 2536 δοκεῖ
828 2493 835 2508 ·
848 2473 900 2536 κᾶν
922 2471 1034 2556 ἐκβάλη

387 2578 487 2646 σκεύύς
508 2597 533 2639 τι
555 2576 629 2639 κατά
650 2575 702 2661 τὴν
724 2578 811 2641 οἰκίαν
832 2578 1016 2662 πλανωμένη,

387 2679 461 2770 ἀνὴρ
481 2680 575 2770 ἐρωτᾷ
596 2683 659 2746 κτλ.

181 2785 210 2849 Α
232 2784 414 2852 mulieribus
437 2805 559 2871 quoque
580 2786 738 2872 profertur
760 2785 938 2872 exemplum
961 2787 993 2851 in
1016 2785 1102 2852 Ecol.
1126 2805 1170 2849 vs.
1196 2783 1271 2846 179:

335 2889 491 2979 ἐπὲτρέψας
513 2889 600 2979 ἑτέρῳ
615 2887 740 2954 ’πλείον’
753 2889 792 2953 ἔτι
813 2891 909 2978 δράσει
930 2896 1014 2953 κακά.

182 2993 422 3080 Conqueruntur
449 2993 489 3061 de
516 2993 661 3060 malificia
689 2996 733 3059 rei
761 2994 907 3080 publicae
934 2994 1141 3081 praesidibus,
1175 3011 1305 3076 quorum

179 3097 260 3163 alius
287 3098 349 3165 alio
377 3098 465 3182 peior
487 3097 539 3179 sit,
563 3105 606 3179 ut,
630 3098 656 3163 si
683 3097 743 3163 hoc
765 3099 866 3164 eiecto
894 3098 947 3164 alii
970 3095 1197 3181 rempublicam
1219 3113 1306 3160 com-

180 3178 314 3284 mise'ris,
350 3200 443 3287 plura
479 3200 573 3266 etiam
611 3200 697 3267 mala
733 3200 872 3268 facturus
905 3203 954 3268 sit.
1011 3197 1091 3266 Num
1128 3200 1159 3264 in
1194 3195 1305 3263 eadem

180 3303 378 3386 Praxagorae
411 3303 554 3369 oratione
581 3323 641 3370 vss.
681 3305 740 3368 197
771 3324 837 3389 sqq,
865 3305 977 3389 quibus
1006 3321 1130 3370 crassae
1156 3303 1306 3368 tenebrae

180 3405 299 3473 offusae
332 3413 414 3489 aunt,
441 3425 551 3473 omnes
585 3405 646 3472 huc
674 3406 829 3472 referendi
858 3407 929 3490 sint,
956 3407 989 3472 in
1017 3406 1206 3473 obscuritate
1233 3425 1305 3472 sen·

179 3511 297 3576 tentiae
319 3508 452 3595 pendeo.

265 3612 301 3679 ln
327 3619 458 3698 utroque
487 3613 650 3678 enuntiato
677 3613 827 3698 primario
856 3611 1070 3696 exemplorum
1100 3631 1179 3694 quae
1202 3610 1305 3677 adbuc

179 3716 448 3804 perlustravimus
468 3714 656 3782 indicativus
671 3715 798 3798 legitur3
822 3735 917 3780 unum
945 3723 1048 3780 exstat
1070 3714 1249 3799 exemplum
1272 3715 1305 3778 iu

179 3843 240 3908 quo
255 3819 462 3886 indicativum
480 3819 598 3904 excipit
613 3819 769 3904 optativus
785 3837 855 3884 cum
872 3819 907 3882 dv
922 3818 1077 3903 particula
1092 3815 1304 3884 consociatus:

179 3925 217 3994 N.
234 3947 279 3994 vs.
298 3924 389 3990 1416.
415 3927 516 4010 φήσεις
537 3925 707 4008 νομίζεσθαι
728 3923 763 3988 σύ
785 3925 882 3995 παιδὸς
903 3930 984 3988 τούτο
1006 3925 1121 4013 τυύρηον
1144 3925 1232 3988 εἶναι·

411 4027 467 4113 dudo
489 4029 520 4092 δέ
541 4026 567 4113 η’
580 4026 731 4113 ἀντείποιμ’
744 4032 788 4106 ἂν,
812 4028 853 4100 ὡς
873 4030 916 4101 λίς
936 4031 1032 4102 παῖδες
1054 4031 1079 4093 οἱ
1099 4033 1236 4118 ηὲροντες.

180 4133 385 4221 Phidippides
407 4135 489 4221 patri
511 4134 637 4219 pulsato
660 4136 727 4200 iure
750 4154 822 4200 eum
845 4135 941 4221 plecti
962 4135 1244 4220 demonstraturus,
1267 4139 1304 4220 si,

178 4239 289 4324 inquit,
305 4237 394 4306 dicas
416 4256 504 4304 more
520 4245 682 4323 receptum
707 4246 827 4305 esseut
847 4258 926 4324 puer
940 4239 1105 4324 plectatur,
1122 4261 1179 4322 ego
1196 4248 1304 4308 contra
