3082 4664
719 304 844 396 ..¹53
890 341 927 352 ,..

259 489 402 570 dixerim,
430 509 522 554 senes
550 491 597 556 bis
625 511 739 576 pueros
768 512 846 558 esse.
898 491 993 559 Hisoe
1022 496 1134 562 linibus
1160 495 1320 562 indicativi
1355 499 1387 561 in

257 592 377 678 protasi
392 593 587 679 parataotioa
602 591 733 660 adhibiti
749 613 823 661 usus
839 594 924 681 apud
939 596 1182 683 Aristophanem
1199 600 1385 667 sentinetur.

344 695 495 762 Venimus
518 694 561 761 ad
583 697 766 781 optativum,
782 699 871 765 ouius
893 707 1013 766 oertum
1035 701 1214 787 exemplum
1237 709 1286 770 ost

256 799 330 867 Pau.
355 820 399 866 vs.
423 801 475 866 43.
499 799 599 863 οὐκοῦν
622 802 656 864 ἂν
678 799 736 885 ἤδη
758 807 815 864 τῶν
837 803 951 866 θεατῶν
973 825 1014 875 τις
1035 805 1112 889 λέγοι

496 907 607 977 νεανίας
630 955 637 969 .
662 955 670 970 .
695 956 702 970 .
726 905 789 992 κᾷτ’
802 907 880 994 αὐτῷ
900 906 927 993 γ’
940 909 1012 998 ἀνὴρ

496 1011 617 1083 Ἰωνικός
638 1013 680 1084 τίς
702 1034 787 1101 φησιν
808 1012 872 1077 κτλ.

256 1115 387 1182 Callatis
411 1117 579 1184 simillimis
602 1118 716 1185 Avium
739 1119 894 1186 versibus:
1216 1199 1219 1204 ¹

258 1221 328 1285 166.
352 1220 451 1285 αὐτίκα
474 1222 546 1287 167.
570 1222 627 1287 ἐκεῖ
644 1221 714 1312 ,παρ’
726 1224 793 1309 ἡμῖν
816 1222 881 1295 τοὺς
903 1226 1072 1308 πετομένους
1094 1226 1130 1309 ἠν
1152 1225 1204 1313 έργγ

352 1330 413 1409 »τίς
435 1331 509 1416 ὄρνις
531 1329 648 1410 οὖτος“;
672 1331 687 1393 ό
710 1330 822 1400 Τελέας
844 1330 901 1418 έρεῖ
922 1329 992 1393 ταδί.

256 1431 297 1499 do
319 1435 433 1520 prioris
456 1435 610 1500 enuntiati
633 1435 663 1499 vi
686 1433 911 1501 oondioionali:
936 1435 963 1500 si
985 1435 1054 1518 quis
1076 1434 1171 1518 dieat,
1201 1436 1229 1500 ei
1253 1456 1384 1523 respon-

256 1536 340 1620 deat,
364 1537 517 1604 dubitatio
547 1558 616 1604 esse
639 1558 703 1604 uon
724 1543 838 1624 potest.
885 1537 932 1603 De
958 1536 1057 1604 altero
1080 1539 1209 1623 optativi
1237 1539 1384 1625 exemplo

298 1641 374 1708 Aah.
399 1662 443 1708 vs.
469 1643 560 1708 1195.
585 1642 673 1706 έκεῖνο
695 1642 722 1706 b’
735 1641 849 1705 αἰακτὸν
872 1644 907 1704 ἂν
928 1643 1032 1726 γένοιτό
1055 1665 1111 1725 μοι,

584 1749 760 1819 Δικαιόπολις
782 1750 816 1810 ἄν
839 1745 869 1832 μ’
881 1748 933 1811 ἴδοι
954 1751 1140 1837 τετρωμένον,

581 1851 644 1916 κάτ’
658 1854 813 1942 ἐγχανεῖται
835 1861 896 1924 ταῖς
918 1853 999 1938 έμαῑς
1020 1855 1154 1941 τύχαισιν.

255 1979 390 2042 magnae
411 1963 549 2024 virorum
577 1958 740 2025 dootorum
769 1957 981 2026 dissaeniones
1009 1966 1090 2024 sunt.
1135 1957 1251 2035 Quales
1275 1978 1384 2024 versus

254 2062 337 2126 1196
360 2069 392 2127 et
416 2063 498 2126 1197
521 2061 685 2147 descripsi,
708 2062 741 2127 in
764 2060 874 2128 oodioe
896 2060 1080 2128 Rauennate
1101 2059 1276 2128 tiaduutnr.
1321 2059 1383 2126 La-

252 2149 383 2230 maobus
410 2164 591 2231 vulneratus
619 2172 651 2231 et
676 2165 708 2230 in
741 2183 868 2232 soenam
897 2163 1030 2247 delatue,
1058 2186 1098 2230 ue
1125 2165 1252 2248 insuper
1278 2184 1298 2229 a
1325 2163 1382 2228 Di—

178 2353 181 2362 *
254 2267 437 2352 oaeopolide
460 2252 633 2350 sugillatur,
656 2269 755 2335 timet.
790 2266 848 2345 Qui
874 2286 945 2333 oum
968 2288 1091 2334 summo
1115 2265 1225 2334 dolore
1247 2257 1381 2334 allectus

253 2371 358 2454 eiulot,
380 2373 504 2454 integra
526 2373 689 2437 enuntiata
703 2373 768 2438 iam
791 2370 932 2456 proferre
954 2391 1017 2436 uon
1033 2376 1140 2456 potest
1161 2377 1255 2453 atque
1278 2371 1378 2436 oratio

253 2476 451 2541 membratim
476 2473 683 2560 progreditur.
727 2475 875 2540 dotorem
898 2479 969 2558 post
985 2471 1228 2557 unumquodque
1251 2482 1378 2538 senten-

252 2578 314 2642 tiae
337 2578 429 2643 oolon
452 2597 562 2643 vooem
585 2577 773 2661 repressisse
800 2583 893 2660 atque
916 2575 1053 2657 graviter
1078 2575 1272 2658 ingemuisse
1293 2573 1378 2641 baud

251 2681 358 2766 inepte
380 2681 536 2763 fingimus.
581 2678 668 2757 Quae
691 2699 762 2744 oum
784 2679 829 2744 ita
852 2681 924 2762 siut,
948 2699 1137 2764 quamquam
1163 2697 1283 2744 meram
1306 2680 1377 2744 bar·

252 2784 369 2848 nariam
403 2782 520 2849 tradita
553 2784 649 2849 verba
682 2803 752 2849 esse
780 2781 966 2868 Blaydesius
994 2782 1145 2864 elambat,
1180 2801 1238 2863 ego
1263 2789 1376 2848 tamen

252 2888 381 2953 etotius
396 2887 459 2952 looi
474 2892 586 2952 natura
608 2906 647 2951 ea
668 2886 745 2952 satis
768 2884 849 2952 bene
873 2885 1023 2971 explioari
1045 2889 1139 2971 posse
1161 2884 1377 2969 editorumque

251 2990 355 3055 varias
378 2991 576 3056 oonieotura's
600 3010 638 3054 ex
660 2997 893 3075 praeoccupata
915 2997 1020 3055 mente
1042 2996 1133 3054 natas
1157 3009 1227 3054 esse
1243 2988 1376 3054 conlido.

251 3093 374 3160 Medius
402 3113 509 3159 versus
536 3093 671 3178 protasis
699 3092 925 3159 oondioionalis
952 3094 1020 3158 vioe
1046 3093 1184 3174 fungitur
1217 3098 1321 3211 atque,
1350 3093 1378 3156 si

249 3197 346 3262 rerba
379 3216 443 3262 una
475 3189 755 3280 eomprehensione
789 3194 1014 3280 eompleotare,
1048 3195 1132 3260 idem
1168 3194 1251 3261 valet
1283 3204 1377 3280 atque

127 3353 128 3356 ,
249 3301 273 3364 el
295 3299 398 3385 p’ibor.
421 3298 660 3382 Interrogationi
689 3299 722 3362 in
751 3307 882 3383 utroque
909 3297 1054 3384 exemplo
1081 3298 1186 3365 looum
1213 3318 1276 3366 non
1307 3320 1377 3366 esse

147 3421 149 3428 ’
249 3412 361 3491 sponte
383 3410 481 3491 patet.

334 3507 445 3574 Restat
477 3508 602 3574 tertium
637 3508 774 3592 protasis
808 3510 1020 3594 parataotioae
1058 3528 1157 3592 genus
1190 3509 1375 3594 imperativo

249 3610 404 3678 etleotum.
459 3609 694 3695 Exemplorum,
734 3629 815 3696 quae
849 3610 976 3695 quidem
1014 3610 1098 3697 apud
1132 3612 1373 3698 Aristophanem

249 3714 325 3780 mihi
362 3720 573 3794 ooourrernut,
607 3733 647 3778 ea
676 3718 725 3779 est
756 3710 891 3792 indoles,
923 3725 957 3781 ut
990 3713 1031 3782 de
1057 3716 1301 3798 interrogatione
1334 3738 1374 3782 ne

248 3819 378 3900 cogitari
401 3807 526 3904 quidem
556 3817 663 3901 possit.
711 3813 752 3882 Ut
779 3836 798 3881 a
825 3817 1019 3901 planissimis
1045 3818 1188 3885 versibus
1214 3820 1373 3906 insipiam,

247 3921 424 4006 imperativi
446 3922 493 3989 vis
517 3918 743 3985 oondioionalis
766 3919 869 3986 eluoet
891 3922 924 3985 in

310 4026 385 4094 Pac.
408 4048 452 4094 vs.
478 4024 570 4090 1246.
595 4024 642 4087 τόν
665 4021 716 4106 μὲν
738 4023 880 4110 μόλυβδον
905 4075 911 4089 .
937 4075 944 4089 .
971 4064 977 4078 -
1003 4027 1110 4114 ἔγχεον,

596 4129 736 4194 ἐντευθενὶ
757 4128 788 4195 δέ
810 4133 951 4219 σπαρτίοις
972 4135 1136 4220 ἠρτημένην

595 4236 750 4319 πλάστιγγα
773 4240 902 4324 πρόςθες,
926 4239 1013 4302 καύτό
1035 4263 1077 4303 σοι
1091 4243 1237 4325 γενήσεται
1257 4240 1320 4303 κτλ.
