3082 4664
623 301 950 380 -oe-'

157 507 273 592 Neque
296 507 464 573 dissimiles
481 506 635 572 'videntur
962 581 964 584 ¹

231 609 266 677 N.
291 632 334 678 vs.
361 611 454 675 1490.
477 610 541 693 ἐμοὶ
562 608 594 673 δὲ
615 606 678 695 δᾷδ’
692 608 832 692 ἐνεγκάτω
853 630 894 678 τις
916 608 1057 692 ἡμμένην,
1168 665 1176 682 ,

475 717 554 800 κάχώ
576 713 625 778 τιν’
639 714 731 778 αὐτῶν
753 718 875 802 τήμερον
896 715 990 776 δοῦναι
1011 714 1091 797 δίκην

476 821 538 906 ἐμοὶ
559 825 677 907 ποιήσω.

157 924 235 993 Dno
258 924 405 1011 exempla
423 925 768 1012 Thesmophorianusae
790 917 994 1012 suppeditant
1031 969 1035 978 ·

269 1049 313 1095 vs
336 1029 408 1095 569.
432 1032 554 1120 πρόςθες
577 1034 671 1114 μόνον,
694 1031 773 1114 κάχὼ
796 1051 829 1093 uo
915 1036 1008 1116 χεσεῖν
1029 1033 1148 1114 ποιήσω.
1218 1055 1243 1072 ·‹

267 1154 311 1202 vs.
336 1136 427 1203 1077.
451 1135 535 1201 ἔασόν
559 1159 594 1220 με
617 1137 789 1223 μονῳδῆσαι,

453 1244 500 1306 καὶ
521 1251 611 1331 χαριεῖ
633 1266 687 1326 μοι.
1094 1299 1096 1304 .

159 1344 315 1412 Ultimum
349 1347 529 1434 exemplum
562 1347 673 1413 ultima
708 1344 927 1431 Aristophanis
964 1342 1130 1410 comoedia
1161 1340 1293 1428 praebet
1361 1396 1363 1400 ,

159 1470 210 1516 vs.
235 1450 328 1514 1027.
353 1456 460 1538 φράζε,
483 1452 530 1515 καὶ
551 1441 723 1540 πεπράξεται
745 1451 766 1514 i.
786 1467 817 1514 ὀ.
841 1449 868 1514 si
890 1447 1019 1529 dixeris,
1043 1447 1149 1513 statim
1171 1444 1233 1511 fiet.

626 1691 831 1712 mvwwww

162 1878 242 1960 Vll.
257 1880 455 1962 llnnntiata
468 1883 732 1964 conditionalia
751 1855 905 1965 dialecto
919 1906 990 2014 non
1009 1883 1121 1963 attico
1138 1883 1292 1984 prolata.

252 2070 381 2137 Praeter
415 2072 624 2144 Athenienses
654 2073 878 2160 Aristophanes
911 2074 944 2138 in
978 2072 1091 2138 fabulis
1124 2072 1218 2138 variis
1252 2072 1292 2137 de

163 2175 267 2242 causis
295 2174 440 2242 homines
467 2176 656 2263 reliquarum
684 2179 826 2262 gentium
852 2195 1035 2258 graecarum
1057 2175 1222 2260 loquentes
1244 2176 1292 2241 in·

165 2277 256 2343 duxit
278 2286 310 2343 et
332 2279 444 2346 Atticis
474 2280 682 2362 alienigenae,
697 2281 824 2363 linguae
846 2280 963 2347 formas
990 2278 1106 2345 tribuit.
1151 2278 1237 2355 Quae
1260 2280 1292 2344 in

166 2380 326 2448 codicibus
359 2391 493 2468 peccata
525 2389 601 2452 sunt
632 2385 779 2466 librariis,
805 2383 860 2468 qui
891 2381 1012 2450 scilicet
1044 2401 1147 2448 raram
1175 2401 1213 2447 ac
1242 2383 1292 2447 vix

165 2483 358 2550 intellectam
381 2485 514 2552 formam
537 2489 654 2554 usitata
675 2486 891 2568 eliminabant,
910 2486 1065 2570 imputare
1088 2504 1149 2550 non
1174 2484 1291 2551 dubito.

251 2585 317 2652 lam
343 2589 382 2654 *si
427 2598 551 2656 servata
591 2591 823 2656 enuntiatorum
865 2588 1129 2655 condicionalinm
1171 2589 1293 2655 ratione

167 2690 301 2776 primum
324 2693 560 2777 peregrinorum
584 2694 744 2760 hominum
768 2687 895 2759 dicendi
921 2692 1038 2758 formas
1066 2693 1293 2775 examinamus,

166 2793 208 2860 ab
224 2792 418 2876 Megarensis
434 2802 466 2861 et
477 2785 587 2862 Boeoti
603 2798 636 2862 in
650 2795 903 2862 Achamonsihus
920 2796 1063 2862 oratione
1077 2793 1292 2882 incipiendum

167 2904 223 2962 ost.
268 2896 329 2962 Pro
352 2899 449 2965 attico
472 2901 496 2963 εἰ
518 2919 588 2966 cum
610 2899 782 2967 indicativo
805 2900 911 2966 iuncto
939 2897 1133 2982 Megarensis
1156 2900 1293 2983 genuina

166 2998 268 3072 forma
283 3001 392 3068 dorica
407 3003 542 3070 uincitur
555 3024 598 3070 vs.
612 3003 675 3067 766
687 3005 818 3082 ἄντεινον,
831 2999 939 3088 αἱλχῑςς
955 3008 1120 3088 praeterea
1135 3003 1293 3070 invenitur

124 3193 128 3200 Ι
166 3127 210 3173 vs.
225 3107 311 3172 ’772Ι
336 3107 407 3173 788.
432 3108 504 3172 814.
527 3105 663 3175 Boeotus
691 3109 717 3174 si
744 3109 831 3175 libris
858 3107 937 3174 fides
965 3106 1112 3172 habenda
1138 3113 1221 3172 esset
1247 3125 1291 3172 vs.

166 3211 239 3294 870,
263 3230 325 3296 qno
350 3211 476 3276 unicum
504 3208 617 3277 Boeoti
642 3213 836 3278 enuntiatum
865 3209 1081 3277 condicionale
1105 3210 1292 3291 sentinetur,

166 3315 295 3380 atticam
319 3314 453 3382 formam
475 3315 500 3378 εἰ
520 3322 716 3400 usurpasset:
740 3315 797 3381 sed
822 3312 1025 3400 Blaydesium
1049 3333 1105 3380 suo
1131 3315 1197 3378 iure
1217 3313 1242 3376 εἰ
1258 3313 1292 3380 in

167 3421 195 3484 αἱ
217 3426 355 3486 mutasse
382 3438 556 3486 censemus.
591 3415 781 3483 Particulam
804 3416 1053 3484 condicionalem
1071 3415 1126 3498 (ab
1142 3415 1291 3485 Elmsleio

167 3525 274 3593 dorico
302 3527 466 3612 scriptam)
494 3524 689 3607 Megarensis
717 3545 787 3590 cum
813 3524 916 3590 futuro
949 3530 1160 3589 constructam
1193 3524 1291 3591 semel

166 3628 310 3695 adhibuit
331 3649 375 3695 vs.
398 3631 469 3695 742.
505 3626 564 3694 Ubi
581 3626 676 3693 Attici
698 3628 871 3714 particulae
886 3626 1095 3693 condicionali
1117 3630 1151 3691 ἂν
1173 3626 1291 3696 addere

165 3735 277 3819 solent,
305 3737 443 3819 genuina
469 3734 553 3802 doris
576 3755 614 3796 κα
635 3735 763 3818 eiusque
787 3734 959 3820 composito
982 3733 1183 3824 assentitur,
1207 3734 1291 3801 Inte-

166 3859 254 3922 grum
283 3839 462 3925 exemplum
491 3838 588 3905 habes
614 3839 646 3903 in
678 3857 739 3902 vss.
768 3837 832 3902 834
857 3858 914 3922 sq,
943 3838 992 3904 cui
1020 3837 1192 3922 adiungere
1217 3838 1293 3904 licet

165 3963 210 4011 vs.
234 3945 305 4008 732.
351 3941 400 4008 De
421 3942 512 4008 tertio
534 3942 605 4007 loco
629 3961 672 4008 vs.
696 3941 757 4005 791

371 4047 399 4108 αἰ
419 4043 445 4109 δ’
457 4048 492 4108 ἂν
513 4045 650 4132 παχυνθῇ
672 4045 886 4130 κάναχνοιανθῇ
906 4046 987 4134 τριχὶ,

370 4151 524 4223 κάλλιστος
545 4153 623 4215 ἔσται
645 4159 740 4239 χοῖρος
762 4148 918 4240 Ἀφροδίτᾳ
938 4153 1024 4216 θύειν.

165 4257 321 4342 quomodo
345 4256 545 4341 retingendus
568 4258 617 4332 sit,
641 4257 775 4340 ambigo.
822 4257 856 4322 ln
879 4257 988 4323 codice
1011 4257 1193 4323 Rauennate
1215 4275 1291 4322 oxu-
