3082 4664
651 261 861 323 ..23-

196 449 236 514 de
269 449 328 514 hac
361 450 390 513 vi
425 447 593 533 quidquam
628 447 775 532 perdidit.
826 447 984 514 Particula
1017 452 1041 512 εἰ
1060 469 1143 514 cum
1179 449 1319 536 optativo

195 554 344 640 copulata
370 553 458 620 nulla
485 551 614 618 effectus
654 553 774 618 ratione
808 551 916 618 habita
949 573 1013 619 rem
1054 556 1085 620 in
1119 554 1187 621 sola
1214 561 1320 620 mente

194 663 329 746 positam
370 679 441 725 esse
478 657 671 743 exprimitur.
723 656 860 739 Originis
894 658 1052 742 optativae
1086 659 1317 736 enuntiatorum

195 762 471 845 condicionalinm,
494 781 574 846 quae
602 761 723 826 minute
749 760 883 842 vestigia
910 769 1102 844 manserunt,
1128 761 1161 827 in
1189 760 1318 829 exordio

195 865 285 932 huius
313 864 456 950 opusculi
484 863 808 934 commemoravimus.
854 861 1007 940 Quoniam
1035 884 1085 930 res
1112 865 1156 930 ita
1177 864 1319 949 prolatae

195 968 236 1034 ad
258 971 384 1054 tempus
406 987 556 1053 praesens
580 973 611 1043 et
631 966 768 1032 futurum
790 965 975 1050 plerumque
996 967 1164 1053 pertinent,
1187 966 1318 1053 apodosi

194 1081 229 1140 et
250 1073 310 1159 ipsi
326 1072 466 1157 optativo
482 1068 662 1137 efferendae
682 1068 896 1155 particulata,
920 1089 982 1153 qua
1003 1091 1069 1136 rem
1094 1091 1133 1136 ex
1156 1070 1319 1137 indefinita

195 1177 380 1244 condicione
412 1174 552 1262 pendere
585 1193 758 1256 monemur,
792 1172 902 1240 addita
934 1181 991 1241 est.
1049 1173 1195 1261 Optativo
1224 1176 1319 1242 socia

193 1281 346 1367 particule
378 1282 423 1356 ἄν,
451 1279 504 1364 qui
538 1276 681 1344 modeste
715 1275 867 1342 iudicium
893 1276 933 1344 de
961 1278 1066 1362 aliqua
1093 1299 1128 1344 re
1154 1279 1317 1365 proferunt

193 1391 329 1452 utuntur.
373 1385 453 1457 ,Cum
470 1383 595 1465 Graeci,
611 1401 673 1466 qua
695 1385 787 1447 erant
807 1381 994 1464 urbanitate,
1010 1382 1106 1448 etiam
1130 1403 1206 1466 quas
1229 1389 1317 1450 certo

192 1490 310 1555 scirent
332 1509 382 1554 res
405 1492 622 1576 extenuarant,
645 1483 832 1571 pervulgata
858 1491 908 1550 est
935 1484 1025 1563 huius
1052 1484 1218 1552 locutionis
1241 1507 1317 1552 con-

192 1591 335 1658 suetudo.
381 1591 483 1675 Atque
506 1590 632 1675 saepius
655 1589 686 1653 in
716 1587 776 1654 hoc
798 1588 1030 1654 enuntiatorum
1053 1587 1316 1655 condicionalium

190 1715 307 1778 genere
330 1715 371 1760 ex
392 1694 524 1780 apodosi
546 1692 681 1778 protasis
705 1693 765 1756 vim
790 1692 834 1757 ita
861 1692 990 1777 recepit,
1013 1700 1056 1774 ut,
1080 1693 1106 1758 si
1130 1693 1161 1758 in
1185 1681 1317 1779 apodosi

190 1797 246 1862 illa
267 1795 435 1863 iudicantis
458 1795 593 1863 formula
614 1793 816 1859 adhiberetur
831 1795 926 1860 etiem
942 1795 1077 1879 protasis
1092 1794 1205 1862 codem
1221 1798 1315 1864 modo

190 1900 386 1966 formaretur.
431 1898 551 1964 Eodem
574 1897 796 1964 concinnitatis
819 1895 929 1991 studio
948 1897 1175 1983 Aristophanes
1205 1899 1316 1968 modos
1363 1985 1367 1994 .

192 2003 389 2087 exaequavit,
413 2003 440 2068 si
466 2003 500 2067 in
517 2000 661 2087 .apodosi
688 1998 791 2065 nudus
819 2001 987 2085 optativus,
1014 2002 1066 2085 qui
1093 2013 1141 2068 est
1167 2006 1315 2090 optantio,

190 2106 367 2173 adhibetur.
403 2103 586 2191 Optativum
600 2104 737 2189 positum
754 2123 824 2169 esse
840 2102 928 2168 nulla
942 2102 983 2169 de
999 2122 1095 2170 causa
1109 2105 1170 2172 nisi
1185 2112 1316 2194 propter

188 2209 336 2302 apodosis
359 2209 493 2276 formam
516 2208 661 2274 existimo
684 2208 715 2272 in
740 2206 818 2272 Rau.
841 2227 886 2272 vs.
909 2208 987 2273 532:
1016 2207 1087 2279 ἴσοις
1108 2214 1162 2298 γάρ
1185 2213 1227 2274 τοί
1248 2235 1316 2277 ποτε

772 2310 842 2395 ἐμοῦ
865 2312 1002 2398 δεηθείης
1025 2317 1069 2392 ἂν,
1094 2317 1118 2379 εἰ
1141 2317 1210 2389 θεὸς
1232 2319 1314 2384 θέλοι

178 2405 250 2503 ἀιιο
274 2440 336 2485 uno
358 2383 427 2485 loeo
454 2418 590 2484 formula
612 2417 647 2500 ἢν
671 2416 739 2487 θεὸς
761 2416 839 2500 θέλῃ
865 2415 961 2500 (Pac.
984 2440 1028 2484 vs.
1054 2409 1136 2485 '1187
1160 2421 1240 2490 Plut.
1269 2448 1313 2491 vs.
1438 2495 1440 2502 ,

189 2524 261 2586 347.
286 2523 396 2602 1188.)
423 2529 544 2588 mutata
565 2531 623 2603 est,
652 2522 712 2586 nisi
735 2521 814 2588 forte
836 2524 860 2584 εἰ
888 2523 957 2593 θεὸς
979 2524 1061 2587 θέλοι
1083 2529 1221 2611 optantis
1244 2549 1314 2596 esse

189 2626 266 2691 velis
304 2631 464 2708 totumque
501 2626 697 2691 enuntiatum
738 2627 919 2714 exemplum
962 2630 1112 2695 transitus
1155 2633 1313 2716 optativae

188 2727 412 2822 enuntiationis
435 2725 476 2791 ad
498 2725 749 2793 condicionalem
773 2728 900 2796 habeas.
945 2731 1066 2798 Eodem
1090 2732 1183 2800 modo

273 2839 352 2905 Rau.
376 2859 419 2904 vs,
445 2838 536 2902 1446.
560 2841 584 2901 εἰ
605 2847 662 2902 τῖον
685 2824 807 2904 πολιτῶν
830 2845 881 2907 οῖσι
903 2851 950 2908 νῦν
974 2846 1146 2930 πιστεύομεν,

559 2947 664 3017 τούτοις
687 2951 899 3034 ἀπιστήσαιμεν,
924 2953 963 3022 οἷς
985 2948 1011 3015 θ’
1024 2951 1056 3015 οὐ
1079 2954 1221 3042 χρώμεθα

558 3053 675 3146 τούτοισι
697 3055 901 3142 χρησαίμεσθ’,
922 3059 992 3129 ἴσαις
1014 3059 1157 3144 σωθεῖμεν
1180 3063 1223 3124 ἄν.

184 3164 350 3242 postquam
374 3158 563 3223 sententiam
587 3156 626 3223 de
650 3160 785 3226 civitatis
805 3161 907 3228 salute
930 3184 975 3229 vs.
994 3166 1075 3228 1443
1097 3159 1307 3251 deprompsit:

184 3263 251 3324 ὅταν
273 3263 310 3324 τοὶ
331 3267 380 3325 νῦν
403 3263 505 3325 ἄπιστα
531 3262 605 3324 πίσθ’
631 3263 782 3346 ἡγώμεθα,
809 3267 846 3328 τοὶ
868 3266 962 3330 θ’ὄντα
981 3267 1049 3329 τίσι)
1068 3270 1169 3332 ἄπιστα
1184 3270 1310 3355 planius

186 3372 218 3430 et
237 3366 424 3452 explicatius
448 3367 545 3432 retent
567 3387 624 3453 per
646 3369 678 3430 ei.

271 3468 303 3533 Si
328 3470 423 3554 plena
450 3469 540 3536 huius
573 3471 692 3537 formae
727 3475 892 3541 enuntiata
917 3473 1157 3560 perlustraveris
1185 3483 1309 3562 tempus

83 3563 85 3570 ’
185 3591 335 3655 praesens
352 3579 383 3638 et
404 3575 554 3639 aoristum
569 3595 633 3640 una
649 3574 790 3642 adhiberi
806 3580 837 3642 in
853 3583 985 3662 utroque
1001 3578 1141 3645 membro
1157 3581 1309 3663 invenies,

185 3673 242 3740 sed
265 3675 372 3740 aoristi
394 3697 468 3742 usus
492 3677 590 3744 multo
612 3678 804 3764 frequentior
829 3687 888 3763 est,
916 3679 1142 3766 septemdecim
1169 3682 1248 3750 locis
1277 3685 1309 3749 in

183 3778 313 3865 protasi,
347 3779 456 3861 viginti
483 3780 560 3848 locis
593 3782 626 3847 in
654 3783 786 3870 apodosi
819 3783 951 3849 habetur
974 3783 1086 3868 quibus
1109 3793 1309 3871 opponuntur

182 3882 359 3968 praesentis
396 3884 543 3969 exempla
578 3886 610 3950 in
647 3889 765 3973 protasi
802 3885 959 3970 undecim,
993 3893 1066 3954 octo
1100 3889 1132 3955 in
1165 3888 1307 3974 apodosi.

183 3983 332 4061 Quodsi
362 3993 512 4070 quantum
544 3986 679 4071 differat,
708 3990 768 4057 hoc
797 4010 836 4055 an
864 3989 942 4055 illud
965 3999 1090 4076 tempus
1118 3992 1307 4076 invenietur,

183 4090 317 4173 quaeris,
340 4088 548 4156 differentiam
572 4112 630 4175 ego
646 4093 719 4159 'lere
741 4093 861 4159 nullam
885 4095 979 4160 sensi.
