3082 4664
606 211 609 219 .
686 213 733 264 p·

630 357 669 366 ..
714 319 756 386 49¹
802 353 842 367 „..

176 506 214 573 N.
238 528 282 574 vs.
307 509 378 574 882.
403 511 480 580 ὅπως
501 509 625 575 δ’ἐκείνιο
647 509 688 574 τὼ
711 511 788 596 λόμοι
810 512 982 596 μαθήσεται,

324 657 326 664 .
401 616 449 679 τὸν
470 615 614 704 κρείττον’,
638 619 713 688 ὅστις
734 617 803 694 ἐστὶ,
825 617 942 681 καὶτὸν
964 619 1069 703 ἥττονα
1091 665 1099 680 .
1123 665 1131 680 .

340 763 343 770 ·
398 721 449 786 εὀὶν
470 721 501 786 δὲ
523 724 575 808 μὴ,
597 724 645 787 τὸν
666 730 731 807 podo
754 725 847 788 ἄδικον
869 729 948 808 ποια-μ
969 725 1087 811 τέχνῃ.

179 839 213 906 V.
238 861 282 907 vs.
296 819 371 909 ⁴929.
396 844 567 928 (κολάσατε)
589 845 635 909 ἵνα
657 845 698 931 μὴ
721 847 870 932 κεκλάγγω
892 846 1045 931 διακενῆς
1067 845 1169 916 ἄλλως
1190 845 1256 930 ἐγώ.

402 950 451 1013 tcto
473 951 504 1015 δὲ
526 951 578 1037 μὴ,
594 946 633 1016 ’τὸ
655 953 758 1016 λοιπὸν
775 953 807 1016 οὐ
823 943 1024 1044 κεκλάγξομαι

176 1067 255 1135 (lum
268 1071 363 1136 etiam
376 1071 461 1157 apud
474 1079 594 1140 ceteros
606 1075 772 1160 scriptores
785 1075 898 1152 atticos
909 1075 1071 1141 rarissima
1082 1073 1144 1140 sint
1154 1071 1302 1158 exempla

174 1172 364 1240 formulae
351 1178 400 1240 εα“ν
423 1181 519 1263 phet
541 1177 590 1241 ἐὰν
612 1177 644 1240 δὲ
665 1182 717 1265 μή,
741 1198 856 1244 αοναια
882 1177 959 1243 inde
984 1184 1058 1264 peto
1081 1180 1300 1260 argumentum
1416 1167 1420 1177 ’

176 1280 199 1341 εἰ
221 1283 323 1365 μήοι
349 1279 429 1346 εἰδὲ
457 1286 499 1368 μή
527 1301 590 1348 non
616 1303 673 1369 per
700 1281 837 1368 ellipsim
864 1285 936 1348 orta
957 1301 1038 1349 esse.
1082 1279 1151 1359 Qua
1172 1279 1300 1347 tandem

176 1383 215 1449 de
231 1403 329 1451 causa
343 1385 485 1453 eandem
494 1387 653 1473 ellipsim
644 1409 676 1452 m
697 1395 768 1474 part
756 1387 852 1454 ticula
873 1388 922 1452 ἐὰν
942 1388 1046 1455 minus
1061 1406 1156 1473 saepe
1171 1385 1301 1473 reperiri

174 1490 383 1559 censeamus?
406 1491 480 1558 Alia
501 1513 552 1560 res
575 1501 632 1575 cs,
655 1494 681 1559 si
708 1493 799 1560 huius
821 1513 897 1560 usus
919 1494 1072 1577 originem
1096 1493 1128 1558 in
1151 1511 1222 1558 eam
1244 1511 1299 1558 ae-

174 1599 273 1682 tatem
302 1593 479 1678 relegamus
513 1615 583 1661 cum
617 1597 641 1658 εἰ
672 1595 828 1681 particula
855 1595 925 1662 sola
950 1596 1015 1662 lere
1038 1594 1255 1677 adhibebatur,
1271 1600 1302 1660 et
1352 1617 1358 1628 ·

176 1699 350 1782 posteriore
373 1699 500 1766 demum
522 1713 664 1787 tempore
686 1701 818 1767 alteram
842 1699 1028 1787 particulam
1050 1697 1300 1766 condicionalem

177 1819 247 1876 raro
269 1801 402 1870 eandem
419 1805 482 1870 vim
503 1804 649 1871 habuisse
670 1805 827 1890 ponimus.
873 1802 1038 1870 Sententia
1060 1804 1111 1870 cui
1134 1803 1302 1890 opponitur

176 1904 250 1969 εἰδὲ
272 1910 314 1992 μή
336 1913 387 1976 ter
402 1907 629 1974 condicionalis
645 1908 797 1974 enuntiati
820 1906 953 1974 formam
975 1906 1085 1973 habett
1107 1905 1231 1974 Thesm.
1255 1927 1299 1972 vs.

176 2010 247 2076 536.
272 2009 308 2076 R.
337 2030 381 2077 vs.
413 2012 474 2076 792
482 2031 527 2097 sq.
556 2009 603 2078 Pl.
633 2032 677 2078 vs.
701 2012 835 2096 tossqq.
859 2010 928 2093 (ubi
955 2017 1027 2096 post
1050 2012 1102 2075 κᾶν
1125 2008 1176 2094 μὲν
1198 2009 1301 2098 potius

176 2115 227 2180 ἐὰν
252 2115 284 2180 δὲ
306 2120 487 2205 ptempec
488 2115 628 2202 taveris).
656 2114 756 2183 Multo
779 2115 970 2201 frequentius
993 2116 1188 2183 enuntiatum
1211 2119 1301 2181 ante·

174 2220 292 2288 cedens
315 2221 417 2288 forma
438 2221 588 2306 primaria
611 2227 669 2304 est,
692 2228 741 2287 ut:

173 2322 253 2407 Equ.
277 2344 321 2390 vs.
345 2325 433 2392 69st
419 2332 503 2453 ppei(
523 2322 554 2387 δὲ
575 2324 707 2456 δίδομεν·
721 2325 744 2387 εἰ
765 2321 796 2388 δὲ
818 2325 870 2409 μὴ,
893 2293 1111 2408 αατοὺμενοι..
1130 2325 1297 2411 χέζομεν.

176 2425 213 2490 V.
237 2445 283 2491 vs,
308 2428 446 2494 1444*
422 2453 490 2494 εισιο
512 2433 632 2520 pipios
634 2428 817 2494 ’ἐντεῦθεν
831 2430 855 2494 εἰ
876 2427 907 2493 δὲ
929 2429 981 2515 μὴ,
1004 2434 1081 2518 τάχα

423 2535 567 2625 κλητῆρες
581 2537 750 2624 ἐπιλείψουσι
764 2534 830 2608 τοὺς
843 2536 1045 2620 καλουμένους.
1074 2534 1172 2602 Plane
1187 2533 1299 2602 eodem

175 2632 272 2712 modo
295 2637 449 2724 reperitur
470 2641 494 2704 ei
514 2641 545 2704 a
567 2647 621 2728 μήε
658 2641 737 2728 Equ.
761 2643 843 2707 1158
872 2642 939 2727 (ubi
961 2641 1093 2710 Personi
1120 2641 1302 2706 coniectura
1428 2637 1431 2646 ’

176 2741 255 2809 nihil
278 2762 360 2828 opus
388 2745 449 2828 cst)
477 2743 514 2828 N.
541 2748 625 2812 1194
651 2747 687 2816 V.
711 2749 784 2812 428.
812 2747 847 2812 P.
870 2748 942 2814 262.
970 2747 1025 2814 Th.
1048 2747 1122 2814 288.
1145 2744 1181 2812 R.
1207 2747 1300 2810 1132.

177 2843 263 2912 Eccl.
286 2847 359 2916 963.
386 2848 478 2914 1060.
523 2847 593 2915 Non
621 2871 746 2940 semper
773 2850 902 2916 verbum
929 2851 995 2918 sive
1018 2849 1245 2918 substantivum
1267 2849 1300 2913 in

179 2947 276 3017 altero
304 2952 477 3036 enuntiato,
493 2951 536 3018 ad
559 2952 642 3038 quod
658 2955 784 3038 negatio
811 2955 835 3018 εἰ
856 2952 887 3018 δὲ
909 2958 950 3042 μὴ
977 2953 1086 3021 referri
1112 2953 1222 3040 possit,
1244 2973 1299 3017 ex·

177 3059 250 3139 stat,
273 3055 411 3124 velutin
851 3141 852 3146 .

177 3155 214 3224 V.
239 3177 284 3226 vs.
308 3161 380 3227 971.
404 3153 603 3248 αὐτοῦμένιυν
625 3164 679 3252 pdp
701 3161 761 3226 ἅττ’
784 3165 818 3227 ἂν
840 3163 908 3228 elom
928 3186 970 3236 τις
991 3166 1077 3253 φέρῃ,

403 3270 510 3334 τούτων
531 3276 652 3355 μεταιτεῖ
673 3270 705 3333 τό
727 3272 833 3359 μέρος·
846 3271 870 3334 εἰ
890 3269 921 3334 δὲ
943 3271 1008 3356 μὴ,
1018 3270 1120 3334 δάκνει.

180 3368 233 3434 ubi
254 3369 295 3438 de
318 3391 397 3440 cane
419 3375 521 3458 agitur
543 3375 596 3460 qui
618 3375 757 3441 omnium
780 3375 920 3474 ciborum
942 3381 1067 3462 partem
1089 3374 1148 3440 sibi
1170 3371 1300 3455 flagitet.

180 3468 250 3538 Non
276 3473 441 3560 flagitandi
468 3476 525 3546 sed
551 3481 638 3544 certe
665 3476 762 3544 dandi
785 3480 867 3546 actio
889 3463 1029 3562 degatur
1075 3475 1117 3542 Ut
1103 3481 1208 3561 tpost
1229 3494 1301 3544 sen-

179 3578 310 3644 tentiam
337 3581 506 3666 positivam
534 3581 729 3649 enuntiatum
757 3581 976 3650 condicionale
1001 3580 1179 3698 oppositum
1201 3598 1258 3664 per
1279 3579 1303 3641 ei

179 3679 209 3746 a
232 3687 273 3771 μή
297 3684 513 3771 introducitur,
535 3687 580 3753 ita
601 3691 675 3773 post
696 3688 875 3772 negativam
903 3686 1040 3754 sentent
1031 3705 1105 3769 ram,
1132 3685 1159 3751 si
1180 3684 1303 3766 integra

177 3791 280 3858 forma
306 3791 461 3877 loquentis
487 3793 592 3860 animo
620 3793 852 3877 obversabatur,
880 3795 905 3859 εἰ
929 3793 961 3857 δέ
994 3791 1136 3858 a‘dhiberi
1169 3809 1302 3857 consen·

177 3901 309 3964 taneum
332 3904 389 3964 est.
434 3896 497 3964 Sed
524 3897 609 3985 apud
630 3898 874 3986 Aristophanem
897 3897 1023 3983 quidem
1046 3915 1205 3981 nunquam
1227 3896 1251 3959 εἱ
1272 3895 1303 3958 δέ

178 4010 251 4087 post
283 4002 474 4069 sententiam
506 4005 683 4088 negativam
719 4003 841 4070 illatum
873 4002 950 4069 mihi
983 4002 1128 4086 occurrit,
1155 3999 1235 4065 εἰδὲ
1261 4005 1303 4086 μή
1440 4023 1443 4030 ·

179 4123 253 4175 vero
270 4108 412 4193 ¹quinque
432 4106 521 4176 locis.
593 4113 595 4118 '

181 4207 219 4276 N.
242 4231 287 4278 vs.
312 4213 404 4279 1433.
427 4213 497 4302 πρὸς
518 4219 607 4275 ταῦτα
629 4212 671 4297 μὴ
694 4209 772 4275 τύπτ’
787 4213 831 4276 ·εἳ
852 4211 884 4276 at
906 4211 959 4298 μὴ,
980 4215 1082 4276 σαυτόν
1104 4211 1166 4274 ποτ’
1178 4211 1302 4274 αἰτιάσει.

1117 4333 1135 4386 4
