3082 4664
620 339 831 399 ..51-

164 514 281 599 ἀμαθῶν
303 515 390 580 οὖσαν
413 515 511 588 αἰτίαν,
536 511 640 574 idoare
654 530 660 544 ·
674 510 699 572 εἰ
720 507 751 572 δὲ
774 508 825 593 μὴ,
848 514 965 572 ποιεῖτον
986 508 1040 570 ὅτι
1062 508 1097 570 ἂν
1120 503 1182 591 ὑμῖν
1204 502 1287 588 δοκῇ.

165 619 309 687 Ceterum
332 641 396 687 non
419 637 481 684 uno
501 625 610 683 tenore
625 614 721 681 verba
735 615 937 699 pronuntiata
958 633 1029 680 ease
1052 611 1210 693 existimo,
1232 608 1290 677 sed

164 730 236 810 post
262 721 337 809 ὑμᾶς
364 741 435 788 οαιιι
463 737 601 800 oongruo
629 717 742 803 eapitis
773 722 805 783 et
830 736 943 782 manus
970 721 1056 782 motu
1083 733 1213 801 parvam
1240 713 1288 780 lo·

164 828 289 913 quendo
324 845 458 914 pausam
494 823 607 889 leoisse
644 825 794 888 autorem.
848 820 1019 888 Maioribus
1056 818 1291 888 difficultatibus

164 932 298 998 alterum
320 925 497 997 huiuamodi
521 925 700 1011 exemplum
724 924 919 992 obstruetum
941 931 1002 991 est:

165 1035 220 1101 Th.
247 1056 289 1102 vs.
313 1035 386 1100 536.
409 1033 434 1096 εἰ
455 1029 507 1116 μὲν
530 1029 578 1094 οὖν
600 1051 642 1100 τις
664 1029 737 1094 ἔστιν
751 1050 758 1065 ·
772 1030 796 1092 εἰ
817 1026 849 1093 δὲ
871 1028 923 1113 μὴ,
947 1028 1030 1114 ἡμεῖς

413 1138 495 1202 αὐταί
517 1159 548 1221 με
571 1135 675 1199 καὶτὰ
697 1135 835 1223 δουλάρια
855 1137 963 1223 τέφραν
985 1130 1074 1198 ποθὲν
1096 1131 1236 1221 λαβοῦσαι

323 1293 327 1303 .
411 1244 518 1328 ταύτης
540 1242 759 1329 ἀποψιλώσομεν
781 1242 829 1306 τὸν
852 1248 957 1329 χοῖρον,
979 1240 1026 1304 ἵνα
1048 1237 1174 1326 διδαχθῇ

412 1349 481 1435 μονὴ
504 1354 637 1433 γυναῖκας
658 1348 730 1412 οὖσα
753 1347 794 1433 μὴ
817 1353 914 1419 κακῶς
935 1347 1026 1431 λέγειν
1049 1345 1081 1409 τὸ
1103 1345 1209 1409 λοιπόν.

165 1452 240 1521 Post
271 1455 521 1541 inexspectatum
548 1451 707 1539 Euripidis
734 1452 962 1536 defensionem,
996 1450 1162 1518 mulierum
1197 1468 1290 1517 aoou·

165 1557 320 1625 sationem
346 1558 459 1640 ingens
482 1557 580 1623 oritur
602 1555 762 1638 tumultus,
785 1554 870 1642 quod
892 1554 1004 1622 mulier
1026 1554 1192 1622 mulierum
1215 1553 1292 1619 vitia

164 1666 230 1726 tam
246 1666 354 1745 aperte
377 1659 524 1744 detegere
546 1678 625 1726 ausa
639 1660 688 1725 sit.
724 1657 865 1725 Tandem
880 1657 993 1725 mulier
1007 1655 1164 1742 quaedam
1179 1656 1293 1738 sooias,

166 1769 201 1829 ut
227 1763 429 1845 grauissimas
450 1783 569 1850 poenas
592 1781 612 1828 a
634 1762 878 1830 sceleratissima
899 1761 990 1829 hoste
1010 1767 1198 1848 repeterent,
1220 1759 1293 1827 hor·

166 1874 258 1933 tatur.
295 1865 429 1934 Godioes
451 1868 484 1932 in
507 1867 663 1952 seriptura
689 1868 899 1950 consentiunt,
925 1865 986 1932 nisi
1013 1864 1096 1950 quod
1122 1864 1295 1933 scholiasta

167 1967 207 2034 ad
230 1967 376 2052 ll.1,137
399 1990 456 2057 pro
478 1991 519 2041 τις
541 1969 614 2032 ἔστιν
630 1971 754 2036 inverso
770 1969 880 2036 ordine
902 1968 960 2033 ἔστι
981 1989 1023 2039 τις
1044 1968 1178 2054 seripsit
1214 1965 1293 2034 (lum

167 2071 208 2139 de
224 2072 352 2140 alterius
367 2072 517 2160 apodoais
532 2074 690 2142 sententia
712 2072 848 2140 dubitari
872 2079 1017 2159 nequeat,
1040 2072 1143 2159 prima
1158 2070 1295 2158 protasis

168 2176 286 2243 nemini
302 2176 405 2244 adhue
420 2179 497 2246 satis
511 2177 673 2244 intelleota
687 2183 743 2244 est.
772 2176 949 2245 Scholiasta
963 2175 1004 2243 ad
1020 2196 1063 2243 vs.
1075 2175 1139 2240 536
1150 2172 1295 2241 adnotat:

167 2281 400 2370 ooanpopeiodur
433 2283 518 2347 αὐτὸν
553 2281 720 2367 βουλόμεναι
747 2279 969 2366 (Friinsohiudz
999 2279 1177 2366 βουλομένη)
1200 2277 1295 2363 ἐπειδὴ

166 2387 210 2452 ἐπὶ
224 2391 334 2474 σκηνῆς
351 2391 428 2466 εἰσιν,
445 2409 506 2475 quo
521 2387 600 2455 nihil
622 2386 812 2474 proficimus.
846 2384 1032 2473 Blaydesius
1047 2405 1175 2454 sonsum
1191 2384 1295 2452 adhue

167 2492 332 2560 obseurum
359 2495 405 2560 sio
433 2495 586 2582 explieat:
620 2491 817 2578 Quapropter
846 2492 874 2559 si
901 2491 1007 2578 aliqua
1031 2492 1089 2560 illa
1115 2499 1164 2560 ost
1186 2490 1227 2575 (si
1248 2489 1311 2556 illi.

166 2594 265 2662 animi
297 2594 416 2680 aliquid
448 2597 540 2680 inest,
573 2597 602 2663 si
635 2594 723 2663 fortis
762 2598 796 2661 et
832 2594 976 2664 animosa
1013 2593 1087 2678 est),
1125 2615 1160 2662 se
1192 2595 1296 2681 ipsam

167 2697 331 2765 defendet:
365 2698 415 2765 sin
441 2698 555 2782 minus,
581 2718 640 2766 nos
662 2698 751 2784 ipsae
774 2704 806 2764 et
827 2696 1037 2784 pedissequae
1058 2697 1150 2766 huius
1172 2695 1295 2785 depila-

167 2801 269 2868 bimuo
303 2819 450 2892 aunuum.
494 2800 648 2870 Protasim
683 2799 724 2868 ad
759 2800 987 2869 Mnesiloohum
1019 2801 1177 2888 portinere
1209 2807 1296 2868 reete

166 2902 331 2988 intellegit,
358 2902 416 2971 sed
442 2919 522 2989 quae
551 2903 591 2971 de
617 2905 812 2998 pronominis
837 2906 879 2977 τίς
905 2925 964 2974 usu
990 2903 1168 2992 emphatioo
1197 2902 1296 2986 addit,

167 3013 199 3078 in
226 3011 310 3079 huno
337 3011 441 3080 looum
468 3032 532 3080 non
559 3013 724 3098 quadrant.
769 3011 900 3081 Prorsus
926 3014 1105 3100 importuno
1131 3012 1296 3100 apodosim

168 3115 334 3202 supplevit,
362 3135 433 3183 oum
461 3115 501 3183 de
529 3115 712 3198 defensione
746 3115 931 3184 Mnesiloohi
964 3118 1105 3202 cogitare
1131 3116 1296 3184 mulierum

168 3220 287 3287 nomini
309 3221 343 3286 in
365 3223 507 3288 mentem
521 3219 628 3287 venire
642 3225 751 3306 posset
764 3227 797 3286 et
817 3220 887 3307 ipse
902 3220 994 3287 huius
1016 3240 1131 3288 seenae
1154 3225 1297 3302 eventus,

168 3321 395 3391 defensionem·
413 3322 600 3392 Mnesiloohi
625 3324 659 3389 in
692 3323 891 3390 cumulandis
923 3323 1087 3391 mulierum
1116 3323 1297 3390 oriminibus

75 3461 78 3468 ·
173 3426 328 3492 eontineri
350 3426 553 3494 demonstret.
599 3425 702 3511 Atque
728 3425 895 3513 apodosim
918 3426 1016 3494 talem
1038 3427 1149 3510 omitti,
1173 3427 1297 3512 qualem

56 3613 60 3620 Ι
168 3526 355 3614 Blaydesius
381 3530 555 3617 proposuit,
582 3549 742 3615 nunquam
770 3533 804 3598 in
831 3531 985 3599 sermonis
1011 3525 1118 3614 graeei
1145 3550 1203 3598 usn
1229 3529 1296 3598 fuit

170 3630 258 3711 Quae
280 3651 352 3699 oum
374 3634 421 3702 ita
446 3635 520 3718 sint,
546 3633 651 3701 looum
679 3655 743 3702 non
769 3636 927 3720 integrum
948 3653 968 3701 a
989 3634 1124 3702 librariis
1146 3634 1298 3702 traditum

169 3757 240 3804 osse
273 3734 368 3803 oredo
401 3737 531 3823 eiusque¹
563 3736 719 3806 medelam
754 3739 929 3824 quaesitam
958 3757 1029 3806 esse
1054 3758 1119 3805 non
1145 3739 1297 3825 improbo.

169 3839 233 3908 Sed
255 3837 384 3906 Valseni
405 3839 564 3908 inielioem
592 3842 806 3909 ooniootnram
833 3861 927 3927 quam
953 3847 1126 3928 praeeunte
1148 3862 1188 3908 ex
1209 3849 1299 3928 parte

170 3941 306 4028 Bargkio
322 3941 355 4009 in
371 3948 489 4034 textum
505 3946 639 4032 rooopit:
662 3947 687 4010 εἰ
709 3945 760 4031 μὲν
783 3945 831 4010 οὖν
853 3946 923 4017 uitur
944 3945 987 4016 τίς
1000 3943 1059 4009 ἐστ’
1072 3945 1103 4009 ἐν
1117 3945 1194 4031 ἡμῖν,
1219 3945 1300 4009 αὐταί

168 4071 200 4136 με
226 4049 336 4114 καὶτὰ
361 4049 497 4138 tostaque
524 4052 743 4139 ἀποψιλώσομεν
769 4051 889 4120 reicere
918 4051 970 4117 vix
1004 4071 1083 4137 opus
1115 4056 1172 4118 eat.
1217 4049 1299 4118 Nam

169 4152 306 4242 primum
329 4154 521 4240 singularem
543 4154 671 4224 dioendi
699 4177 791 4224 utum
817 4176 881 4224 non
908 4154 1128 4242 temptandum
1150 4174 1220 4222 esse
1242 4175 1299 4243 ap·

169 4264 271 4345 paret,
293 4257 409 4326 deinde
432 4277 452 4326 a
473 4255 590 4326 tradita
611 4258 776 4326 verborum
798 4260 953 4346 scriptura
979 4259 1073 4326 nimis
1100 4256 1195 4414 lppqe
1221 4257 1301 4327 haee
