3082 4664
684 256 810 319 ...⁸26
855 293 896 304 ..-

228 451 294 506 tore
330 444 420 525 vulgo
451 443 564 524 edunt)
598 442 732 510 offendit
758 443 789 510 e't
817 433 903 510 nulla
932 447 1052 512 ratione
1078 448 1175 513 allata
1201 448 1351 532 τίδήέᾶν
1405 491 1411 502 ·

228 547 342 630 requiri
376 547 479 633 ponit3
510 558 625 632 nempe
652 566 692 611 ex
720 547 804 613 illius
832 549 988 615 sententia
1014 571 1084 616 cum
1112 559 1161 618 ter
1187 555 1212 615 τί
1233 553 1291 638 δῆτ’
1317 557 1350 616 ἄν

228 656 400 734 usurparet,
429 670 491 715 non
519 649 607 714 licuit
634 657 743 734 quarto
775 650 844 716 loco
873 651 937 716 alia
970 652 1095 719 dicendi
1130 656 1263 723 formula
1296 660 1350 724 uti.
1383 674 1385 679 ’

228 750 292 818 Nos
320 760 430 818 contra
456 752 647 836 singularem
676 772 753 819 sane
780 753 928 839 apodesis
957 757 1121 842 rationem,
1149 762 1236 827 cuius
1265 762 1350 827 aliud

228 856 407 942 exemplum
431 877 533 941 neque
556 857 640 942 apud
655 856 896 942 Aristophanem
920 880 1021 944 neque
1044 861 1129 947 apud
1151 864 1229 931 alios
1252 867 1351 951 scrip-

227 970 311 1026 tores
327 959 490 1043 habemus,
501 958 691 1026 ¹servandam
708 980 778 1026 esse
794 981 968 1046 censemus.
1013 962 1136 1032 Priores
1152 969 1349 1054 interpretes

228 1065 280 1149 qui
307 1064 386 1130 falso
413 1065 512 1158 οὔκοον
540 1063 574 1129 ἄν
602 1065 768 1148 ἐμπέσοιμεν
797 1064 961 1151 apodosim
987 1071 1062 1133 'esse
1088 1071 1251 1155 potabant,
1280 1094 1352 1159 pro-

226 1167 303 1232 tasis
320 1170 462 1236 membra
475 1169 638 1255 particulis
661 1173 711 1252 μέν
736 1207 774 1216 -
791 1170 823 1232 δέ
845 1177 931 1235 arcte
947 1170 1093 1252 coniungi
1116 1194 1180 1239 non
1198 1173 1349 1244 viderunt.

229 1269 393 1356 Optativus
426 1273 534 1338 aoristi
567 1274 599 1337 iu
632 1275 750 1366 protasi
785 1274 830 1338 ita
866 1272 1028 1358 praevalet
1060 1282 1095 1339 ut
1131 1276 1163 1339 in
1200 1277 1352 1345 tredecim

228 1374 381 1460 exemplis
404 1376 587 1461 reperiatur,
610 1379 766 1462 optativus
789 1377 966 1462 praesentis
989 1381 1100 1460 quater
1122 1387 1233 1445 exstat.

313 1477 402 1555 Quod
414 1479 644 1563 aequabilitatis
662 1481 764 1546 studio
782 1489 907 1566 poetam
927 1478 1037 1546 modos
1050 1501 1242 1567 exaequasse
1258 1505 1354 1570 supra

229 1579 364 1646 diximus
376 1584 419 1666 (p.
433 1580 477 1664 7),
493 1582 647 1666 imprimis
660 1604 700 1647 err
712 1603 751 1647 ea
763 1582 854 1648 huius
866 1583 990 1664 generis
1003 1585 1232 1650 enuntiatorum
1246 1589 1353 1673 specie

229 1687 436 1767 cognoscitur,
470 1706 550 1769 quae
578 1687 609 1749 iu
644 1685 776 1771 apodosi
805 1685 978 1772 optativum
1012 1687 1187 1773 simplicem
1217 1689 1353 1758 exhibet.

227 1787 334 1854 Etiam
356 1781 399 1852 'in
423 1790 527 1881 priore
556 1790 662 1874 capite
695 1789 786 1874 plura
813 1790 944 1874 optativi
973 1790 1006 1854 in
1039 1789 1173 1875 apodosi
1208 1795 1355 1880 exempla

229 1890 457 1974 adnotavimus,
486 1912 614 1975 quorum
644 1894 778 1978 protasis
804 1892 1008 1959 indicativum
1037 1895 1172 1960 servavit
1201 1894 1249 1980 (ut
1275 1895 1352 1982 Equ.

230 2015 272 2059 vs.
290 1995 354 2058 400
376 1996 400 2058 el
422 2018 458 2068 oe
478 1995 519 2079 μὴ
542 2003 625 2078 μισῶ,
649 1997 780 2079 χενοίμην
796 1996 825 2057 ἐν
840 1995 978 2084 Κρατίνου
993 1997 1119 2076 κὼδιαν);
1135 2019 1218 2064 nuno
1233 2007 1354 2066 ulrum-

230 2122 290 2186 que
324 2102 499 2193 membrum
527 2102 664 2186 optativo
699 2102 864 2186 profertur,
896 2102 984 2166 cuius
1018 2103 1050 2165 in
1083 2105 1201 2188 protasi
1235 2104 1352 2172 nullam

229 2225 358 2270 causam
372 2204 580 2292 perspicimus
596 2205 656 2270 nisi
679 2204 1018 2288 concinnaeorationis
1035 2204 1181 2271 studium.
1213 2205 1292 2273 Cum
1313 2228 1352 2275 ex

230 2308 307 2374 Aah.
331 2331 374 2375 vs.
398 2310 471 2373 476.
495 2306 603 2371 κάκιστ’
627 2305 796 2392 ἀπολοίμην,
826 2309 849 2370 εἴ
877 2310 902 2370 τί
930 2305 1102 2392 σἀἰτήσαιμ’
1125 2299 1172 2372 ἔτι.
1219 2315 1285 2377 tum
1314 2333 1353 2378 ex

229 2414 306 2498 Equ.
331 2435 375 2479 vs
400 2415 470 2478 694.
496 2417 520 2476 εἰ
538 2419 578 2500 μή
602 2413 810 2498 o'ciuole'cmp',
835 2415 860 2476 εἴ
881 2436 905 2477 τι
928 2421 984 2476 τῶν
1008 2415 1101 2477 αὐτῶν
1124 2416 1186 2498 ἐμοὶ

423 2521 425 2528 ⁴
496 2522 604 2606 ψευδῶν
628 2523 712 2605 ἐνείη,
736 2523 890 2604 διαπέσοιμι
911 2524 1053 2608 πανταχῆ.

204 2624 308 2690 haec
342 2626 420 2691 ratio
454 2634 593 2711 apparet.
651 2625 811 2708 Paphlago
846 2631 982 2691 veterum
1022 2625 1257 2692 mendaciorum
1294 2625 1353 2690 sibi

230 2727 347 2812 aliquid
369 2730 473 2793 inesse
496 2747 564 2794 non·
582 2730 707 2812 ignorat
722 2749 822 2812 neque
846 2726 1039 2794 condicionis
1055 2730 1156 2796 foruna
1175 2730 1209 2793 in
1225 2727 1353 2793 dubium

230 2819 342 2897 vocare
367 2830 440 2911 vult,
464 2833 559 2896 immo
583 2833 847 2898 asseverationem
871 2833 1045 2912 graviorem
1070 2830 1168 2912 addit,
1192 2852 1271 2915 quae
1294 2830 1354 2896 nisi

230 2937 371 3000 sublecta
404 2943 488 3000 esset
514 2936 606 3002 alteri
640 2934 817 3002 condicioni
840 2936 864 2998 εἰ
890 2939 931 3021 μή
960 2937 981 2998 0²
1008 2936 1184 3018 ἀπολέσαιμ’,
1219 2941 1354 3018 quaeat

229 3043 301 3127 ipsa
331 3063 371 3106 ex
404 3025 551 3126 apodesis
585 3041 686 3106 forma
719 3039 845 3125 pendet,
879 3041 1049 3107 indicativo
1086 3038 1249 3124 ponenda
1271 3050 1352 3104 erat:

229 3145 253 3210 εἷ
275 3168 300 3208 τι
322 3153 378 3208 τῖον
394 3146 494 3214 Ιαὐτῶν
518 3145 580 3227 ἐμοὶ
603 3145 711 3230 ψευδῶν
735 3145 831 3208 ἔνεστι.
1337 3157 1341 3194 l
1439 3131 1444 3142 ’

316 3249 480 3316 Difficilius
507 3251 657 3316 indicium
682 3257 738 3332 cst,
769 3251 795 3315 si
819 3249 919 3315 nudus
946 3249 1112 3335 optativus,
1135 3247 1186 3331 qui
1216 3247 1354 3332 optantis

230 3375 299 3421 esse
323 3375 386 3420 non
407 3349 520 3440 potest,
543 3355 576 3417 in
599 3353 729 3439 epodosi
752 3355 889 3439 ponitur,
912 3350 995 3436 quod
1017 3372 1078 3417 uuo
1101 3351 1171 3416 loco
1194 3348 1242 3415 fit:

229 3456 307 3541 Equ.
331 3477 377 3524 vo.
402 3458 493 3522 1056.
517 3457 564 3520 καί
581 3453 619 3520 ’κε
632 3458 710 3542 -χσνὴ
734 3460 821 3548 φέροι,
836 3458 938 3544 ἄχθος,
964 3456 1022 3520 ἐπεὶ
1044 3477 1091 3518 κεν
1121 3454 1194 3541 ἀνὴρ
1221 3455 1352 3538 ἀναθείη,

518 3562 587 3628 ἀλλ’
600 3563 651 3627 οὐκ
674 3563 707 3627 ἄν
730 3567 884 3650 μαχέσαιτο
899 3584 906 3598 ·
919 3565 1032 3650 χέσαιτο
1055 3563 1119 3648 χάμ,
1143 3564 1167 3625 εἰ
1189 3564 1352 3648 μαχέσαιτο·

231 3666 346 3732 Versus
369 3688 408 3732 cx
430 3688 530 3753 parva
551 3667 650 3735 lliade
673 3671 789 3754 sumpti
813 3689 832 3733 a
855 3669 974 3749 virgine
996 3668 1250 3753 pronuntiantur,
1274 3687 1354 3752 quae

230 3769 313 3835 Ulixi
329 3770 468 3856 palmam
486 3770 600 3837 debere
617 3771 759 3837 Minerva
774 3770 927 3836 suadente
942 3771 1010 3837 istis
1026 3770 1128 3836 verbis
1145 3769 1353 3836 demonstrat

6 3941 9 3948 ,
89 3954 91 3959 .
157 3959 159 3964 ,
230 3872 467 3958 Aristophaneo,
501 3896 541 3941 ne
569 3875 651 3942 desit
680 3882 831 3942 consueta
858 3873 1025 3963 cavillatio,
1060 3871 1100 3938 de
1126 3893 1182 3939 suo
1215 3871 1353 3939 addidit:

229 3981 343 4065 χέσαιτο
366 3979 430 4065 χάμ,
455 3981 479 4040 εἰ
501 3982 665 4066 μαχέσαιτο,
689 3983 805 4062 inquo
828 3978 963 4062 primum
986 3977 1117 4042 formam
1145 3979 1258 4063 χέσαιτο
1285 3996 1355 4041 ver-

230 4085 341 4151 borum
362 4081 449 4148 lusus
473 4103 570 4151 causa
591 4083 697 4151 fictam
720 4097 789 4150 esse
813 4089 955 4168 apparet,
978 4089 1012 4147 nt
1025 4083 1159 4171 χαίρομαι
1181 4083 1213 4148 in
1230 4080 1353 4148 Datidis
1410 4154 1413 4162 ,

231 4190 371 4255 carmine
394 4189 466 4254 Pac.
492 4210 534 4254 us.
558 4191 630 4252 291.
678 4189 875 4254 llermanuus
899 4187 939 4253 de
961 4198 1042 4274 part.
1065 4191 1100 4251 ἄν
1121 4210 1152 4275 p.
1177 4187 1218 4268 16
1239 4189 1353 4274 χέσαιτο
