3082 4664
632 319 845 382 „19..

178 509 311 575 reddere
334 529 510 594 possumus.
557 505 624 572 Non
651 507 710 571 buc
733 509 869 591 pertinet
891 505 970 572 Noli.
998 527 1030 570 vs
1059 507 1140 568 1347
1165 507 1255 581 οὗτος,
1279 505 1303 567 εἴ

93 599 97 608 ’
138 595 143 602 .
178 620 273 702 μήτιμ
298 614 461 693 ’aeneidem
486 613 594 677 οὐκᾶν
618 613 653 698 ἢν
678 613 768 683 οὕτως
791 605 960 689 ἀκόλαοτοε,
979 613 1124 696 qnoniam
1150 611 1303 676 ἐπεποίθειν
1339 605 1343 614 ’

177 720 354 808 imperfecti
381 721 481 785 instar
509 725 567 798 est,
590 717 624 782 id
651 718 734 802 quod
761 719 859 800 etiam
888 740 929 784 vs.
957 719 1039 781 1349
1062 718 1210 782 ostendit.
1258 717 1304 783 Ne

178 825 251 891 huic
285 825 393 908 generi
423 823 504 888 desit
533 821 749 887 collocationis
778 829 861 902 nota,
889 821 1016 904 addam,
1046 841 1106 885 uno
1135 825 1168 886 et
1196 823 1305 904 viginti
1403 842 1407 850 ·

163 929 257 1004 ¹locis
271 928 421 1014 protasim
436 925 565 1012 apodosi
580 924 779 1010 praecedere,
787 925 923 990 sedecim
937 924 1014 990 locis
1028 923 1191 1009 apodosim
1205 926 1304 1010 sequi.

256 1031 290 1097 ln
304 1027 586 1117 apodosi‘omninm
601 1036 674 1110 quot
685 1029 899 1093 recensuimus
911 1027 1304 1112 exemplornmindicativo
1407 1065 1409 1069 Α
1467 1048 1475 1065 ·

179 1137 288 1201 iuncta
300 1142 367 1199 erat
377 1133 534 1218 particula
548 1134 591 1207 ἄν,
606 1151 754 1213 quacum
762 1151 811 1196 res
819 1132 936 1216 protasi
949 1151 1101 1219 expressa
1112 1129 1152 1194 ad
1160 1138 1320 1196 eventum.

181 1231 245 1305 non
267 1237 421 1324 perducta
444 1237 494 1318 sit,
519 1237 614 1300 etiarn
642 1233 876 1300 conclusionem
904 1233 979 1298 inde
1007 1234 1122 1298 factam
1152 1236 1304 1300 incertam

182 1363 250 1408 esse
284 1341 456 1405 memoriae
491 1338 666 1403 mandatur.
724 1334 803 1400 Nam
838 1337 1027 1418 coniectura,
1062 1336 1136 1420 quid
1170 1337 1304 1402 futurum

180 1448 299 1526 fuisset,
317 1445 344 1510 si
361 1443 424 1508 alia
439 1463 490 1506 res
507 1441 675 1507 accidisset
690 1460 782 1504 nemo
798 1439 864 1504 fere
880 1440 1004 1522 assequi
1021 1448 1134 1525 potest.
1172 1439 1305 1507 Perraro

180 1548 315 1635 simplex
330 1545 518 1610 indicativus
532 1545 697 1625 invenitur,
714 1562 773 1626 quo
787 1543 903 1626 aliquid
917 1549 1003 1608 certo
1016 1550 1198 1609 eventurum
1211 1545 1307 1624 fuisse

181 1661 237 1719 aut
253 1652 428 1717 affirmatur
444 1655 499 1714 aut
514 1648 687 1715 simulatur.
724 1647 755 1711 Si
774 1646 878 1726 verba,
895 1647 1007 1730 quibus
1024 1645 1171 1712 debuisse
1188 1647 1307 1731 aliquid

181 1756 250 1821 lieri
273 1754 394 1834 dicitur,
418 1755 583 1835 exemeris,
600 1751 720 1816 duobus
742 1749 820 1815 locis
843 1750 1080 1835 Aristophaneis
1102 1751 1257 1834 particula
1273 1757 1307 1816 ἄν

183 1859 315 1945 apodosi
340 1878 400 1922 non
425 1856 576 1921 adiuncta
591 1864 649 1937 est,
666 1875 794 1938 quorum
813 1855 946 1920 alterum
964 1855 1154 1935 oblitterare,
1171 1857 1305 1922 alterurn

88 1977 91 1984 '
183 1985 244 2029 non
268 1962 452 2040 intellegere
477 1960 613 2024 editores
630 1958 740 2023 solent.
776 1957 824 2022 Ex
840 1958 939 2022 tribus
956 1958 1043 2037 locis,
1061 1960 1110 2041 qui
1127 1959 1159 2024 in
1176 1961 1307 2045 apodosi

183 2066 334 2132 enuntiati
352 2064 438 2148 pleni
456 2061 680 2128 condicionalis
699 2063 786 2150 ἐχρῆν
815 2061 964 2130 exhibent
992 2059 1037 2125 Pl.
1067 2082 1108 2126 vs.
1137 2063 1200 2124 586
1228 2071 1307 2147 utar,

156 2183 215 2238 »ut
239 2171 425 2257 particulam
449 2172 483 2232 ἄν
505 2173 592 2234 recte
609 2169 757 2233 omissam
775 2187 843 2232 esse
867 2175 1028 2251 appareat.
1053 2165 1141 2233 'Plot
1166 2189 1210 2234 vs.
1234 2173 1307 2237 586.

236 2278 239 2284 ’
266 2279 353 2340 καίτοι
374 2275 472 2364 χρυσῷ
495 2275 607 2358 μᾶλλον
632 2276 719 2362 ἐχρῆν
743 2273 961 2360 (στεφανῶσαι),
986 2264 1062 2361 εἴπερ
1086 2275 1222 2338 ἐπλούτει.

184 2382 286 2447 lovem
311 2403 371 2447 noo
397 2381 525 2445 diuitem
544 2401 614 2445 osse
632 2373 799 2461 colligitur,
823 2378 906 2462 quod
924 2379 1055 2444 victores
1076 2380 1203 2445 oleastri
1220 2401 1308 2448 ramo

185 2479 321 2549 coronat.
368 2483 572 2570 Quamquam,
602 2483 628 2548 si
660 2482 747 2548 dives
771 2489 856 2547 esset
877 2480 1027 2566 Iuppiter,
1051 2482 1184 2549 victores
1213 2505 1309 2550 aurea

185 2607 302 2653 corona
326 2586 503 2651 redimitum
526 2588 563 2651 iri
588 2586 761 2670 Paupertas
790 2584 981 2650 contendere
1010 2588 1126 2668 nequit,
1150 2591 1184 2652 at
1206 2589 1309 2673 ipsum
1356 2621 1358 2626 ·

185 2689 264 2755 illud
287 2689 369 2755 lovis
393 2688 528 2753 officium
547 2695 673 2755 certum
698 2694 813 2754 manet.
849 2687 936 2764 Quae
959 2708 1030 2753 curn
1046 2689 1093 2754 ita
1108 2691 1179 2772 sint,
1196 2691 1307 2756 eodem

185 2798 251 2859 iure
281 2795 369 2882 ἐχρῆν
398 2792 584 2877 particulam
612 2796 646 2854 ἄν
673 2793 802 2877 respuit,
831 2786 902 2875 quo¹
919 2790 1040 2858 duobus
1066 2794 1206 2859 versibus
1235 2803 1309 2860 ante

185 2899 330 2984 adposita
357 2907 406 2963 cst
432 2898 470 2972 (εἰ
497 2898 550 2984 γὰρ
578 2898 714 2974 ἐπλούτει,
742 2904 804 2967 πῶς
831 2900 865 2960 ἂν
889 2897 1098 2986 ἀνεκήρυττεν),
1145 2897 1309 2966 Difficilius

187 3015 234 3069 est
249 3003 398 3069 iudicium
415 3001 455 3067 de
471 3000 593 3067 duobus
610 3003 774 3088 exemplis,
791 3023 871 3086 quae
886 3001 1041 3087 particula
1064 3006 1097 3064 ἄν
1120 3004 1154 3067 in
1177 3003 1309 3088 apodosi

184 3121 300 3176 carent.
346 3109 484 3174 Primum
508 3113 556 3172 est

185 3215 221 3280 V.
246 3235 289 3280 vs.
315 3209 386 3278 707.
410 3213 477 3275 εἰσιν
500 3235 531 3296 χε
555 3214 650 3284 πόλεις
664 3215 749 3299 χίλιαι
766 3213 793 3274 αἳ.
807 3220 855 3275 νῦν
878 3213 925 3275 τὸν
950 3217 1036 3301 φόρον
1060 3215 1126 3297 ἡμῖν
1150 3218 1308 3297 ἀπάγουσιν.

411 3319 516 3380 τούτων
540 3319 639 3380 εἴκοσιν
663 3320 766 3404 ἄνδρας
790 3319 898 3402 βόσκειν
914 3320 937 3380 εἴ
952 3341 992 3388 τις
1007 3305 1175 3407 προςέπαξεν
1191 3319 1310 3403 ἑκάστῃ,

409 3426 457 3488 tce
482 3426 613 3513 μυριάδες
636 3431 692 3487 τῶν
715 3427 874 3508 δημοτικῶν
898 3427 975 3496 ἔζων
1000 3427 1029 3487 ἐν
1053 3437 1119 3492 πᾶσι
1141 3427 1272 3512 λαγῴοις.

275 3525 307 3591 ln
322 3531 466 3594 omnibus
479 3529 641 3594 codicibus
658 3538 818 3596 exaratum
837 3538 884 3596 est
899 3531 1039 3618 μυριάδες,
1054 3531 1134 3614 quod
1150 3530 1312 3598 Dobraeus

186 3632 323 3698 correxit
354 3634 386 3698 in
420 3633 530 3723 μυριάδ’
543 3638 586 3697 ἀν.
633 3633 813 3720 Bdelycleo,
849 3635 1004 3720 quomodo
1043 3637 1157 3714 victum
1196 3637 1312 3723 populo

185 3737 338 3824 praebere
361 3740 484 3823 possint
506 3739 685 3805 adulatores
708 3739 822 3825 plebis,
846 3748 961 3821 narrat,
985 3760 1100 3825 nempe
1129 3741 1156 3806 si
1185 3742 1312 3807 urbibus

185 3841 334 3908 subiectis
350 3841 551 3927 imperarent,
564 3851 598 3908 ut
613 3841 854 3908 Atheniensium
871 3847 991 3908 certum
1005 3864 1168 3909 numerum
1182 3841 1312 3909 alerent.

186 3944 256 4011 Non
280 3947 472 4028 negaverim,
489 3947 624 4012 Dobraei
647 3947 826 4027 lectionem,
843 3946 871 4010 si
886 3945 1003 4012 tradita
1024 3955 1117 4036 esset,
1134 3949 1201 4013 sine
1218 3947 1312 4012 dubio

187 4050 330 4116 omnibus
347 4049 516 4133 probatum
532 4051 579 4132 iri,
593 4049 650 4116 sed
666 4051 697 4114 in
714 4057 801 4114 tanto
818 4047 961 4114 codicum
979 4069 1133 4117 consensu
1148 4051 1312 4135 patrocinii

113 4168 116 4174 ’
190 4173 318 4218 munere
343 4151 436 4236 fungi
453 4172 568 4238 operae
591 4155 724 4238 pretium
750 4157 807 4234 est,
829 4171 900 4217 curn
932 4160 1015 4219 stare
1044 4174 1138 4239 posse
1166 4153 1312 4218 traditam

129 4346 132 4354 Ι
185 4257 369 4340 scripturam
401 4255 605 4322 confidamus.
652 4255 684 4320 Si
708 4254 884 4321 distributio
914 4257 1089 4324 certissima
1119 4277 1215 4326 causa
1243 4258 1305 4322 erit

1027 4392 1032 4406 Ι
1128 4358 1159 4414 2*
