3082 4664
657 207 699 294 ...⁸
743 247 870 311 37...

290 435 322 502 Si
350 437 419 521 quis
444 438 478 503 in
506 435 741 522 exspectatione
769 434 931 502 cuiusdam
964 436 1014 524 rei
1043 441 1100 518 est,
1135 434 1327 504 desiderium

97 571 101 580 ·
204 547 258 608 aut
279 538 429 606 iudicium
453 537 572 605 addere
593 543 707 624 petest,
730 536 805 622 quid
825 546 899 623 pest
920 538 966 604 rei
988 543 1136 605 eventum
1151 538 1219 606 fieri
1241 547 1328 627 optet

204 651 258 712 aut
284 642 414 710 iudicet.
459 641 566 727 ltaque
592 643 625 708 in
653 640 785 727 apodcsi
820 642 1053 709 enuntiatorum
1087 642 1177 712 huius
1203 645 1328 727 generis

203 767 306 832 neque
333 746 489 833 optativus
517 745 654 832 simplex
679 764 782 829 neque
811 745 971 831 ¹optativus
1005 765 1077 834 cum
1109 745 1267 833 particula
1293 751 1327 814 ἄν
1381 799 1383 806 1

204 853 402 920 consociatus
425 851 523 934 deest,
547 849 821 937 quamquam·.'prc
847 870 952 916 rerum
979 856 1093 917 natura
1113 852 1233 919 rariora
1254 863 1329 923 sunt

203 956 277 1023 talis
306 956 426 1022 formae
452 954 599 1041 exempla
631 974 725 1037 quam
758 954 945 1040 imperativi.
994 953 1183 1042 Temporum
1210 975 1327 1043 aequa-

204 1062 368 1144 bilitatem,
401 1059 459 1125 etsi
491 1078 568 1124 non.
588 1077 714 1144 semper
746 1058 927 1140 retineatur,
964 1063 1071 1125 tamen
1105 1060 1137 1124 in
1169 1060 1327 1147 plerisque

204 1165 357 1252 exemplis
393 1170 549 1230 servatam
585 1161 654 1228 e'sse
691 1159 843 1226 videmus.
902 1158 985 1227 Nudi
1019 1163 1152 1249 'optativi
1189 1165 1240 1249 qui
1277 1171 1328 1235 est

130 1264 132 1270 ’
204 1269 339 1355 optantis
362 1265 541 1351 exemplum
564 1265 597 1329 in
619 1283 680 1348 quo
704 1264 899 1332 concinnitas
921 1256 1074 1348 servatur,
1096 1268 1199 1334 estin

202 1372 238 1438 R.
262 1392 305 1438 vs.
329 1371 401 1438 586.
425 1367 494 1433 ἀλλ’
507 1369 542 1453 ἤν
565 1391 598 1431 σε
618 1374 669 1431 τοῦ
691 1369 789 1431 λοιποῦ
810 1365 871 1432 ποτ’
884 1370 1038 1457 ἀφέλωμαι
1059 1373 1171 1458 χρόνον,

329 1476 402 1542 587.
425 1471 533 1538 κάκιστ’
557 1475 725 1558 ἀπολοίμην.
910 1473 1026 1540 ΔΑίίίοῐ
1047 1475 1221 1562 comparati
1243 1475 1325 1543 sunt:

202 1584 238 1648 V.
263 1602 307 1648 vs.
331 1582 403 1646 524.
428 1582 486 1644 εἰπέ
509 1603 564 1664 μοι,
588 1581 613 1673 τί
635 1577 660 1642 δ’
673 1581 719 1664 ην,
742 1578 774 1640 τὸ
796 1577 882 1650 δεῖνα,
905 1599 942 1661 τη
966 1578 1056 1662 διαίτη
1080 1578 1121 1664 μὴ
1143 1575 1277 1664 ’μμὲνης;

275 1685 404 1752 Philocl.
429 1683 563 1771 μηδέποτ’
586 1686 662 1768 πίοιμ
685 1682 827 1772 ’ἄκρατον
850 1682 952 1767 μισδόν
976 1684 1086 1767 ἀηαδοῦ
1108 1685 1248 1769 δαίμονος.

166 1795 170 1804 ⁴
205 1792 343 1880 Optativl
366 1813 437 1859 cum
465 1796 499 1856 ἄν
527 1790 664 1877 copulati
697 1789 844 1875 exempla
877 1788 938 1855 duo
969 1787 1095 1856 diversa
1127 1799 1200 1857 sunt
1232 1791 1325 1859 haec:
1450 1835 1454 1842 -

166 1935 168 1940 ’
201 1900 274 1986 LyS.
298 1921 341 1966 vs·
365 1900 427 1962 696
450 1900 482 1963 οὐ
504 1899 557 1986 γάρ
581 1896 659 1980 ὑμῶν
682 1895 851 1984 φροντίσαιμ’
869 1893 913 1978 ἂν,
934 1896 969 1979 ην
994 1895 1056 1978 ἐμοί
1078 1896 1123 1980 §q
1145 1897 1292 1982 Λαμπιτώ.

233 2005 281 2076 ,Ν.
306 2028 349 2073 us.
375 2008 445 2072 116.
470 2008 506 2090 ην
528 2003 576 2068 cdv
598 2003 700 2087 μάθης
721 2025 767 2086 μοι
787 2003 836 2065 τὸν
859 2003 952 2064 άδικον
974 2007 1072 2064 τοῦτον
1094 2003 1189 2088 λάηον,

371 2113 442 2178 118.
466 2111 517 2175 οὐκ
538 2113 572 2173 ἀν
595 2110 727 2193 ἀποδοίην
751 2105 809 2171 οὐδ’
822 2111 857 2171 ἀν
880 2107 982 2191 ὀβολὸν
1005 2107 1102 2171 οὐδενί.
1414 2184 1417 2192 y

287 2216 366 2282 Cum
394 2216 566 2300 indicativo
591 2214 767 2302 praesentis
794 2214 828 2279 in
853 2211 986 2299 apcdcsi
1013 2211 1172 2281 interdum
1194 2213 1326 2302 perfecti

201 2321 389 2388 indicativus
406 2322 597 2388 =coniunctus
619 2325 677 2404 est,
701 2318 786 2386 velut
925 2315 929 2320 ’

246 2421 319 2506 Lys.
342 2444 386 2489 vs
410 2426 483 2489 856.
506 2427 558 2486 κάν
582 2423 638 2510 (μὸν
661 2423 680 2506 ἢ
704 2422 798 2506 μῆλον
820 2419 911 2505 λάβη,
934 2421 1055 2506 Κινησίᾳ

506 2529 581 2592 τουτὶ
602 2531 721 2618 ηένοιτο,Ι
741 2527 827 2614 φησίν
841 2547 848 2560 ·
861 2529 914 2589 κάν
935 2527 997 2615 περὶ
1018 2526 1128 2614 ἀνδρῶν
1149 2523 1176 2609 η’
1188 2526 1301 2611 ἐμπέση

382 2656 384 2662 ’
508 2635 592 2718 λάηος
612 2657 662 2711 τις,
685 2630 775 2721 εἴρηκ’
798 2632 908 2703 εὐδίοις
930 2633 949 2716 ἡ
972 2633 1010 2718 σὴ
1032 2636 1101 2718 pouq
1123 2633 1187 2696 κτλ.

139 2763 143 2774 ·
201 2742 234 2800 et
255 2734 292 2800 V.
316 2754 362 2801 vs.
384 2736 447 2798 493
471 2756 517 2820 sq.
559 2723 594 2803 ln
621 2746 752 2822 utreque
779 2737 925 2823 exemplu
953 2737 1113 2805 hominum
1142 2756 1246 2804 mores
1268 2735 1325 2802 de·

201 2841 372 2924 pinguntur
393 2846 425 2906 et
439 2840 570 2926 perfecti
588 2842 632 2908 vis
648 2861 686 2908 ea
701 2847 808 2924 estut,
830 2841 1019 2926 simulatque
1034 2862 1130 2907 unum
1146 2840 1325 2924 accidisset,

201 2944 334 3010 alterum
358 2944 559 3011 subsecutum
581 2964 651 3011 esse
672 2945 800 3011 indicet.
837 2943 936 3012 Multo
959 2945 1150 3030 frequentius
1172 2945 1325 3031 protusim

200 3047 399 3114 coniunctivc
425 3053 482 3114 aut
507 3049 659 3134 temporis
685 3048 860 3135 praesentis
886 3053 944 3115 aut
972 3049 1079 3115 coristi
1106 3048 1261 3135 prelatum
1291 3049 1324 3114 in

199 3152 331 3239 epodosi
353 3149 542 3218 indicativus
564 3153 671 3218 acuisti
694 3153 844 3237 sequitur.
887 3152 1042 3235 Aeristus,
1065 3153 1118 3237 qui
1140 3153 1173 3218 in
1194 3151 1324 3239 periodo

200 3255 404 3341 hypothetica
419 3253 514 3341 Vesp.
532 3275 575 3322 vs.
592 3256 654 3320 579
677 3275 743 3340 sqq.
766 3274 918 3340 praesens
941 3256 1068 3342 excipit,
1090 3255 1275 3342 plerumque
1296 3256 1324 3323 is

201 3367 259 3440 est,
282 3379 373 3444 quem
388 3359 570 3442 gnomicum
586 3358 749 3445 appellant
763 3359 971 3442 grammatici,
990 3379 1133 3443 quorem
1149 3357 1325 3426 identidem

202 3460 319 3527 factam
346 3463 444 3530 semel
471 3462 589 3529 factam
616 3482 686 3528 esse
710 3460 823 3529 Graeci
849 3463 1020 3550 ponebant.
1063 3461 1197 3529 Dicendi
1225 3482 1325 3546 genus

202 3566 345 3652 apprime
366 3567 540 3634 illustratur
562 3564 706 3632 eiusdem
728 3564 922 3633 comoediae.

307 3688 349 3735 vs
372 3670 422 3733 97.
446 3671 493 3733 καί
513 3669 550 3754 νὴ
573 3666 624 3746 Δί’,
648 3671 684 3754 ἢν
704 3671 752 3754 ἴδη
774 3673 806 3754 qt
827 3691 879 3732 ποο
901 3672 1092 3757 ηεημαμμὲνον

377 3772 432 3838 ὑιὸν
453 3776 656 3864 Πυριλάμπους
678 3777 707 3840 ἐν
729 3777 804 3865 δίμηι
827 3776 924 3860 Δῆμον
946 3775 1046 3852 καλὸν,

376 3879 426 3945 ἰὼν
448 3886 609 3972 παμέηραψε
630 3883 752 3967 πλησίον
775 3881 890 3965 ,,κημός
911 3881 1032 3951 καλάς“.

203 3983 281 4050 Cum
304 3985 388 4052 hunc
410 3988 517 4054 curisti
545 3989 696 4054 usumin
730 3985 862 4073 apodcsi
890 4005 1051 4070 nunquam
1087 3986 1187 4053 critici
1220 3991 1324 4072 temp·

201 4095 314 4171 terent,
337 4090 444 4158 consti
467 4092 646 4177 exemplum
666 4111 774 4174 unum,
797 4091 830 4155 in
851 4109 912 4174 quc
932 4089 1028 4155 futuri
1042 4090 1112 4156 loco
1128 4089 1248 4175 positus
1264 4094 1324 4171 est,

201 4191 333 4260 tolerare
360 4192 538 4261 noluerunt.
587 4193 744 4276 Mulieres,
779 4213 860 4278 quae
892 4194 926 4260 in
959 4191 1196 4275 Ecclesiazusis,
1229 4214 1271 4260 ne
1304 4211 1320 4252 r
