3082 4664
650 291 691 306 ..
735 255 862 319 39...

196 443 232 510 L.
244 446 316 511 595.
334 444 464 513 Ρ1.216.
490 445 671 511 Sententiae
689 445 889 512 oonuessivae
906 444 1049 510 membra
1063 461 1117 508 eas
1134 439 1316 527 plerumque

196 549 311 616 formas
322 548 482 633 exhibent,
494 567 572 633 quas
584 548 686 615 adhue
698 549 731 615 in
742 549 910 615 enuntiatis
922 545 1191 614 conditionalibus
1203 543 1316 631 depre-

195 651 372 719 tendimus.
389 651 622 739 Saepissimeiu
632 651 921 738 apodosiprotasim
933 650 1130 717 ooniunotivo
1141 647 1316 735 praesentis

195 757 262 823 sive
279 757 386 822 eonati
400 756 556 841 prolatam
569 756 686 844 exeipit
700 754 888 821 indicativus
904 754 1008 837 futuri,
1024 752 1110 818 velut
1122 751 1158 818 L.
1175 772 1218 819 vs.
1238 752 1316 817 499:

159 931 160 936 γ
197 861 335 945 σωθήσει,
359 862 412 922 κᾶν
434 859 474 943 μὴ
490 859 591 943 βούλῃ.
622 857 800 924 Praesentis
816 857 1005 924 indicativus
1020 862 1161 923 servatur
1175 857 1209 923 in
1220 855 1258 923 V.
1270 876 1315 925 vs.

198 967 269 1029 691.
294 965 380 1036 αὐτὸς
400 963 430 1030 δὲ
452 968 529 1053 φέρει
550 965 582 1027 τὸ
605 965 794 1053 συνηγορικὸν,
816 963 957 1052 δραχμὴν,
980 963 1032 1028 κᾶν
1055 963 1170 1052 ὕστερος
1192 963 1278 1048 ἔλθῃ.

197 1071 247 1136 Ex
273 1071 410 1156 reliquis
449 1069 596 1157 apodosis
629 1070 737 1136 formis
775 1070 948 1156 optativum
987 1090 1058 1136 uum
1095 1068 1250 1155 particula
1282 1073 1316 1135 ἄν

199 1178 399 1243 ooniunotum
422 1174 522 1242 semel
543 1174 751 1240 animadverti
773 1175 807 1238 in

197 1277 233 1345 L.
256 1300 302 1346 vs.
327 1281 396 1344 115.
420 1278 475 1364 ἐγὼ
498 1280 529 1342 δέ
550 1277 576 1362 γ’
589 1281 624 1342 ἂν
644 1277 851 1362 (καταλύσαιμι
877 1279 925 1342 τὸν
952 1277 1090 1363 πολεμον)
1117 1282 1170 1342 κᾶν
1198 1279 1317 1368 ὡσπερεὶ
1406 1273 1410 1280 ’

416 1387 526 1471 ψῆττὰν
547 1407 583 1468 με
605 1385 644 1468 δή
666 1380 794 1447 ἐπιδαῦν’.

195 1488 399 1555 indicativum
426 1490 557 1574 perfecti
584 1491 617 1555 in
645 1488 788 1556 eiusdem
814 1487 940 1554 fabulae
962 1507 1006 1556 ve.
1030 1490 1102 1556 595.
1126 1490 1141 1552 ὁ
1163 1487 1216 1574 μὲν
1237 1492 1317 1577 ἥκων
1350 1507 1354 1516 ’

194 1595 258 1682 γὰρ,
281 1597 334 1656 κᾶν
356 1596 377 1677 ᾗ
400 1595 507 1671 πολιὸς,
529 1601 601 1682 ταχυ
624 1595 709 1657 sudu
730 1597 818 1682 κόρην
840 1599 1008 1680 γεγάμηκεν.

280 1698 438 1787 Exempla
473 1701 583 1785 quibus
619 1698 661 1765 ad
696 1698 899 1766 illustrandas
932 1700 1035 1765 varias
1071 1699 1161 1767 huius
1193 1703 1317 1783 generis

195 1804 310 1871 formas
333 1823 408 1871 usus
432 1823 501 1871 sum
527 1823 592 1870 non
617 1804 723 1869 omnia
749 1804 793 1868 ita
820 1807 1003 1888 eomparata
1028 1811 1101 1869 sunt
1127 1809 1161 1870 ut
1187 1805 1226 1870 ab
1254 1825 1318 1872 una

198 1928 334 1993 persona
354 1909 450 1996 plena
471 1908 678 1994 proferantur.
708 1907 811 1993 Saepe
832 1907 1004 1973 sententias
1026 1905 1137 1993 plenas
1159 1914 1253 1994 poeta
1274 1910 1319 1977 ita

198 2012 379 2098 dispescuit,
402 2017 439 2080 ut
460 2012 539 2079 alter
558 2012 709 2099 protasim
729 2013 808 2077 alter
824 2009 986 2097 apodosim
1006 2010 1195 2096 loqueretur,
1210 2019 1264 2079 aut
1284 2014 1318 2080 in

197 2117 358 2183 enuntiato
386 2117 426 2183 ab
453 2135 518 2182 una
542 2134 679 2202 persona
704 2113 788 2181 dioto
815 2115 942 2181 omnino
969 2112 1167 2182 adumbravit
1195 2123 1317 2185 tantum
1438 2160 1444 2177 .

196 2220 369 2306 apodosirn.
414 2216 485 2286 Non
518 2223 622 2285 aetum
655 2239 706 2285 me
740 2236 834 2300 agere
867 2217 1011 2283 existimo
1034 2218 1060 2283 si
1082 2216 1123 2284 de
1145 2217 1194 2286 his
1224 2223 1317 2289 rebus

197 2345 299 2411 pausa
313 2325 407 2393 addo.
429 2327 532 2410 Atque
546 2325 682 2412 primum
698 2323 823 2409 quidem
840 2324 1011 2408 enuntiata,
1031 2344 1162 2408 quorum
1176 2330 1319 2397 membra

199 2435 344 2512 separata
364 2436 445 2511 sunt,
468 2427 728 2514 contemplemur.
773 2425 929 2493 Protasim
954 2428 1060 2512 priore
1085 2427 1155 2495 looo
1181 2432 1317 2516 positam

199 2551 324 2616 semper
344 2531 564 2615 interrogative
585 2533 612 2598 is
635 2532 686 2616 qui
708 2530 843 2614 loquitur
862 2530 992 2617 profert,
1015 2530 1112 2598 velut:

198 2633 233 2701 P.
255 2653 300 2701 vs.
325 2634 396 2698 107.
420 2632 505 2699 Serv.
529 2634 631 2699 ἐὰνδὲ
654 2639 694 2720 μή
717 2656 760 2698 σα
781 2635 990 2722 καταγορεὺσγγγ
1013 2634 1105 2721 Tryg.
1128 2642 1278 2727 γράψομαι.

280 2738 317 2805 R.
342 2759 386 2805 Vs.
412 2740 505 2804 1415.
529 2741 577 2803 ἐὰν
599 2740 630 2805 δὲ
652 2741 752 2829 κρὶνω;
776 2739 822 2806 ΡΙ.
845 2741 893 2805 τὸν
915 2742 1009 2830 ἕτερον
1031 2742 1130 2828 λαβὼν
1153 2747 1223 2810 ἄπει.

194 2843 336 2910 Eandem
378 2844 630 2926 interrogationis
670 2845 804 2912 formam
845 2846 879 2911 in
920 2845 1050 2932 apodosi
1089 2849 1245 2935 adhibuit,
1289 2854 1316 2920 si

194 2949 328 3034 protasis
350 2948 524 3035 posteriore
545 2948 616 3015 loeo
638 2949 780 3031 habetur,
809 2969 999 3034 quamquam
1024 2950 1085 3018 hoo
1111 2953 1221 3022 ordine
1248 2975 1315 3023 oer-

194 3057 265 3118 vato
292 3072 356 3118 non
382 3052 562 3119 necessaria
588 3059 650 3136 est3
676 3072 734 3139 per
759 3053 1036 3135 interrogationem
1063 3055 1210 3142 apodosis
1242 3079 1315 3145 pro-

194 3157 363 3223 nuntiatur.

194 3259 230 3326 R.
253 3281 297 3328 vs.
324 3263 416 3326 1134.
440 3256 496 3343 ἐγὼ
519 3263 615 3322 σιωπῶ
638 3251 720 3344 rqid’3
743 3257 835 3326 Dion.
859 3258 909 3323 ἐὰν
930 3261 1016 3344 reida
1038 3259 1064 3346 γ’
1077 3262 1146 3348 ἐμαί.

183 3353 239 3430 ss.
264 3367 356 3431 1229.
390 3364 446 3451 ἐγὼ
468 3365 591 3452 πρίωμαι
612 3361 693 3449 τῴδ’;
728 3361 820 3430 Dion.
844 3364 894 3428 ἐὰν
916 3365 1002 3450 saido
1024 3363 1122 3452 γ’ἐμοί.
1168 3370 1225 3438 sed
1247 3371 1316 3439 sine

842 3470 1095 3552 interrogatione.

195 3569 281 3638 Ecol.
304 3592 349 3639 vs.
374 3575 466 3638 1084.
489 3573 564 3662 δευρὶ
586 3570 636 3656 μὲν
659 3571 707 3636 οὖν
727 3569 769 3635 id'
782 3571 822 3644 ὡς
844 3572 889 3657 ἔρι’
911 3572 972 3639 Ad.
995 3573 1033 3659 ἦν
1055 3577 1101 3661 ἡδί
1122 3576 1240 3668 μ’ἀργῙ.

280 3675 374 3742 Haud
406 3699 476 3745 raro
510 3678 657 3765 apodosis
689 3698 768 3745 rose
796 3679 1019 3762 interrogativa
1044 3684 1070 3746 τί
1096 3684 1167 3770 (pro
1195 3686 1316 3770 quain

193 3783 349 3869 prinoipio
371 3785 548 3851 sententiae
568 3787 594 3847 rt
616 3787 647 3848 δέ
669 3784 850 3871 usurpatur)
873 3785 1051 3867 significata
1065 3789 1105 3854 ab
1128 3789 1240 3857 eadem
1262 3797 1316 3857 aut

194 3890 234 3955 ab
258 3888 358 3954 altera
394 3908 530 3975 persona
565 3890 705 3976 pluribus
739 3889 928 3976 explicatur,
963 3893 1051 3962 ouius
1085 3915 1159 3963 usus
1193 3896 1316 3980 singula

194 3993 341 4079 exempla
363 3991 455 4059 dabo.

194 4092 229 4161 L.
253 4117 298 4163 vs.
322 4096 393 4162 366.
422 4093 447 4159 τί
469 4095 495 4159 δ’
508 4097 545 4182 oio
568 4099 663 4162 σποδῶ
685 4104 742 4168 ταῖς
762 4099 915 4177 κονδύλοις,
938 4100 964 4163 τί
986 4097 1016 4185 μ’
1030 4101 1139 4191 ἐργάσει
1161 4104 1193 4168 τὸ
1213 4105 1315 4185 δεινόν;

195 4206 227 4267 et
247 4199 333 4269 Eool.
358 4223 403 4270 vs.
427 4203 500 4268 862.
727 4201 764 4286 ἠν
787 4202 817 4267 δὲ
840 4207 1001 4286 κωλύσωσι,
1024 4210 1064 4291 τὶ;
