3082 4664
655 285 865 348 ..13-

199 491 273 540 vcro
288 472 388 562 solum
402 474 436 538 in
451 473 644 558 temporibus
658 473 816 559 primariis
831 470 889 539 scd
904 472 999 538 etiam
1014 473 1046 536 in
1062 470 1257 539 secundariis
1272 472 1322 538 vol

198 576 354 644 historicis
370 575 455 643 idem
472 574 722 642 animadvertere
739 577 824 642 licet.
857 573 942 641 luter
963 574 1020 642 has
1043 574 1122 642 duas
1144 583 1321 662 temporum

198 679 317 747 classes
345 679 484 771 medium
505 680 724 765 interpositum
753 687 801 746 est
822 685 947 764 tempus
969 678 1152 764 perfectum,
1181 699 1241 764 quo
1264 699 1321 766 ap-

197 784 319 850 tissime
349 782 518 849 transimus
545 781 587 848 ad
618 781 862 868 contemplanda
888 800 927 847 ea
948 767 1184 848 'enuntiatorum
1212 781 1322 849 condi·

198 883 367 952 cionalium
395 904 521 968 genera,
548 885 581 950 in
604 886 714 969 quibus
740 885 927 972 particulam
950 886 974 948 εί
1002 885 1067 950 sive
1094 886 1227 952 aoristus
1255 886 1321 952 sive
1446 899 1452 914 ·

197 988 416 1074 imperfectum
438 989 585 1072 sequitur.
1349 1075 1352 1082 ι

283 1090 386 1174 Atque
407 1092 543 1176 primum
566 1088 692 1174 quidem
716 1089 846 1174 perfecti
868 1110 943 1157 usus
964 1091 997 1156 in
1020 1091 1189 1158 enuntiatis
1211 1090 1321 1157 condi-

197 1193 372 1261 cionalibus
400 1213 488 1260 rarus
510 1199 567 1259 est.
612 1190 707 1272 Quius
727 1193 773 1258 rei
795 1211 924 1260 oausam
946 1195 973 1260 si
996 1197 1064 1280 quis
1078 1195 1321 1277 investigaverit,

198 1319 294 1364 uuam
315 1297 451 1384 positam
473 1316 544 1364 esse
565 1296 705 1362 inveniet
726 1297 759 1360 in
782 1296 889 1364 aoristi
917 1302 950 1364 et
971 1297 1103 1391 perfecti
1129 1297 1322 1364 multimodis

197 1387 266 1488 pari
298 1399 538 1484 significatione,
571 1419 633 1483 qua
664 1399 797 1465 aoristus
831 1400 961 1486 perfecti
989 1403 1168 1486 provinciae
1198 1410 1321 1486 partem

198 1502 375 1591 occupavit,
399 1490 532 1570 alteram
560 1521 600 1568 ox
627 1501 821 1568 condicionis
849 1504 878 1567 vi
902 1511 998 1589 petet,
1024 1522 1087 1588 qua
1109 1504 1251 1570 homines
1281 1504 1321 1569 de

199 1608 292 1675 rebus
322 1607 456 1694 peractis
478 1606 577 1671 rarius
599 1611 728 1680 utuntur
750 1626 843 1690 quam
866 1606 1021 1672 derebus
1044 1605 1184 1690 agendis.
1213 1605 1322 1691 ltaque
1434 1601 1441 1630 ²

199 1730 240 1776 ne
255 1711 362 1787 aoristi
377 1708 504 1794 quidem
520 1745 560 1756 -
580 1707 744 1774 indicativi
760 1707 841 1793 dico,
857 1729 932 1774 nam
948 1711 1043 1776 ceteri
1059 1710 1145 1776 modi
1160 1712 1321 1795 praeteriti

38 1847 42 1854 ·
159 1863 161 1866 -
199 1814 358 1890 notionem
385 1812 573 1898 saepissime
606 1811 789 1876 abiecerunt
814 1849 856 1860 —
883 1820 915 1878 et
945 1813 1121 1898 imperfecti
1143 1833 1218 1880 usus
1245 1832 1322 1899 prae

199 1917 374 2002 praesentis
397 1923 429 1981 et
449 1915 545 1981 futuri
567 1913 713 1998 frequens
736 1922 792 1981 est.
839 1914 874 1981 ln
897 1914 1028 2001 apodosi
1044 1915 1155 1981 horum
1178 1917 1322 1984 enuntia·

198 2025 301 2085 torum
323 2017 513 2112 indicativus
536 2023 567 2083 et
589 2019 766 2103 praesentis
788 2018 980 2103 perhibetur,
1002 2018 1087 2083 velut

453 2121 489 2186 R.
507 2141 551 2186 vs.
570 2121 640 2184 190.
706 2122 808 2185 δοῦλον
830 2121 881 2184 οὐκ
903 2124 963 2207 ἅχω

504 2228 528 2290 εἰ
550 2225 591 2310 μή
613 2232 811 2314 νεναυμάχηκε
833 2228 885 2312 τήν
908 2228 969 2316 arpi
990 2234 1051 2298 τῶν,
1065 2217 1169 2316 κρεῶν.

197 2341 230 2399 et
244 2333 348 2417 buturi,
364 2342 396 2400 et
416 2329 631 2419 imperativus.
655 2334 729 2422 εἴπερ
752 2353 823 2399 cum
844 2330 1015 2399 indicativo
1037 2333 1169 2418 perfecti
1190 2334 1224 2399 in
1247 2353 1321 2400 cau-

197 2437 272 2503 salis
294 2436 467 2521 particulae
489 2438 552 2502 vim
575 2437 653 2502 abiit
1087 2453 1089 2458 ·

276 2537 314 2604 N.
330 2559 375 2606 vs.
395 2540 486 2612 1142.
509 2547 557 2604 νῦν
580 2540 628 2603 οὖν
650 2540 841 2617 δικαζέσθων,
865 2541 957 2625 ὀλίγον
979 2545 1032 2628 peip
1055 2562 1100 2622 μοι
1122 2541 1212 2623 μέλει,

510 2647 585 2734 εἷπεφ
608 2647 777 2730 μεμάθηκεν
799 2646 830 2709 ab
852 2647 943 2730 λέχειν
965 2645 1152 2729 Φειδιππίδης.

198 2763 339 2833 Protasis
372 2767 581 2850 inquattuor
613 2769 739 2852 reliquis
774 2763 927 2854 exemplis
962 2769 1121 2852 (quintum
1148 2766 1242 2851 Vesp.
1275 2786 1321 2832 vs.

198 2869 262 2932 630
292 2875 421 2956 propter
454 2869 584 2956 perfecti
617 2873 727 2935 δέδοικα
760 2871 823 2936 vim
854 2878 1054 2956 praesentem
1087 2890 1150 2935 non
1181 2871 1320 2954 respexi)

198 2971 329 3058 apodosi
361 2972 533 3059 praecedit.
583 2973 660 3040 Oum
688 2976 757 3041 leve
784 2974 918 3060 perfecti
951 2980 983 3039 et
1010 2973 1118 3039 coristi
1151 2973 1320 3038 discrimen

197 3095 326 3143 causam
348 3077 480 3163 perfecti
495 3097 566 3144 raro
589 3078 721 3148 adhibiti
744 3076 888 3159 dixerim,
911 3098 974 3144 non
996 3097 1125 3163 possum
1148 3096 1212 3142 non
1234 3095 1320 3168 com-

197 3200 373 3247 memorare
400 3181 436 3246 R.
453 3203 498 3248 vs.
517 3183 609 3246 1010.
672 3182 749 3246 τοῦτ’
772 3181 928 3268 uderipi]
951 3183 1115 3266 πεποίηκας,

351 3284 419 3347 ἀλλ’
433 3286 465 3348 ἐκ
486 3293 619 3373 χφηστῖον
641 3289 688 3350 καί
709 3290 842 3374 χενναίυιν
865 3290 1101 3376 μοχθηροτάτους
1122 3275 1278 3362 ἀπέδειξας,

350 3393 375 3454 τί
397 3393 497 3455 παθεῖν
520 3396 621 3479 φήσεις
643 3383 721 3466 ἄξιος
743 3395 824 3479 είναι;

198 3491 309 3574 Agitur
330 3493 371 3560 de
392 3501 556 3582 poctarum
579 3497 693 3580 officio,
717 3499 810 3582 quale
824 3497 992 3583 Euripides
1016 3497 1145 3580 auspice
1160 3494 1320 3580 Aeschylo
1401 3503 1404 3508 '

198 3596 413 3680 constituerat,
436 3598 580 3664 meliores
603 3598 771 3666 redderent
792 3602 885 3667 cives.
931 3598 998 3677 Quo
1020 3598 1148 3681 fortius,
1168 3605 1321 3682 quantum

197 3697 300 3765 officio
315 3699 479 3798 'defuisset
502 3700 679 3788 Euripides,
702 3708 881 3790 appareret,
904 3701 1080 3788 Aeschylus
1102 3702 1320 3787 pervulgatam

195 3810 360 3888 poctarum
376 3811 407 3869 et
420 3805 519 3889 ipsius
535 3805 754 3891 Aristophanis
770 3804 1028 3872 cousuetudinem
1045 3811 1174 3870 secutus
1185 3802 1320 3870 eandem

196 3907 387 3973 sententiam
410 3909 554 3990 negative
577 3913 609 3973 et
631 3909 816 3975 affirmative
839 3908 1004 3994 expressit,
1033 3927 1126 3991 quam
1149 3909 1209 3972 nisi
1231 3926 1320 3992 pres·

195 4010 298 4094 sisset,
326 4010 460 4078 dixisset
486 4019 552 4077 ant:
580 4013 650 4075 τοδί
680 4013 728 4076 οὖν
752 4011 839 4096 εἰμὴ
862 4013 1026 4095 πεποίηκας,
1049 4012 1197 4074 τίπαδεῖν
1220 4013 1321 4096 φήσεις

173 4177 178 4186 ,
195 4105 274 4189 ἄξιος
288 4116 369 4196 είναι;
385 4122 442 4182 aut
456 4117 479 4180 εἰ
493 4115 554 4180 δ’ἐκ
564 4125 698 4206 χρηστῶν
713 4119 760 4181 καί
770 4119 903 4204 χενναίιυν
915 4119 1150 4206 μοχθηροτάτους
1162 4105 1319 4193 ἀπέδειξας,

194 4221 221 4283 τί
242 4223 343 4287 παδεῖν
367 4225 468 4311 φήσεις
490 4212 673 4304 άξιοςλείναη
1207 4213 1210 4222 ’
