3082 4664
224 491 360 578 primam
381 486 557 574 praesentis
573 504 740 570 personam
756 505 797 552 cx
819 487 958 553 secunda
980 441 1191 570 supplendam
1213 503 1284 551 esse
1298 485 1346 550 in:

223 599 282 684 Eq.
298 617 343 663 vs.
359 595 422 659 315
445 592 471 654 εῖ
490 588 521 652 δὲ
544 591 585 672 μὴ
609 590 643 651 σύ
665 586 690 673 γ’
705 589 790 653 οἶσθα
813 587 942 674 κάττυμ’,
966 586 1024 652 οὐθ’
1043 587 1100 672 ἐγὼ
1114 589 1297 676 χορδεύματα
1316 594 1349 654 ct

225 704 272 770 Pl.
290 723 336 770 vs.
352 700 414 766 396
431 697 502 763 cur.
526 693 561 778 νὴ
584 695 632 756 τὸν
646 693 785 758 Ποσειθιῖν.
821 692 869 758 Bl.
892 694 940 756 τάν
962 695 1117 758 θαλάττιον
1139 694 1245 777 λέγειςς
1283 746 1289 764 ,

434 802 505 869 Ohr.
529 801 552 862 εἰ
575 797 675 862 θ’ἔστιν
697 801 793 887 ἕτερός
815 822 856 870 τις
877 787 1033 876 Ποσειδῶν,
1057 800 1106 863 τὸν
1129 800 1235 886 ἕτερον.

224 929 350 1016 Duplex
382 925 529 1012 protasia,
565 922 652 987 cuius
686 924 765 994 ratic
799 922 912 990 melius
949 941 1021 988 cum
1058 922 1170 987 ceteris
1207 918 1349 997 eiusdem

226 1032 351 1117 generis
373 1027 480 1094 formis
503 1024 707 1109 disceptatur,
730 1031 834 1091 exstat
856 1025 890 1090 in

226 1141 285 1206 Au.
301 1157 345 1202 vs.
362 1134 423 1196 757
446 1132 470 1192 εἰ
492 1131 545 1215 γάρ
568 1125 665 1191 ἐνθάδ’
690 1129 762 1191 ἐστὶν
787 1129 902 1215 αἰσχράν
925 1129 973 1191 τύν
995 1131 1104 1214 πατέρα
1126 1128 1234 1190 τύπτειν
1257 1130 1347 1215 νάρκρ,

442 1231 517 1298 τοῦτ’
541 1233 604 1296 ἐκεῖ
619 1233 709 1295 καλὸν
731 1231 796 1321 παρ’
820 1235 886 1317 ἡμῖν
910 1234 992 1310 ἐστιν,
1017 1234 1053 1316 ἠν
1075 1255 1116 1302 τις
1138 1238 1179 1318 rqi
1201 1233 1284 1318 πατρὶ

443 1336 630 1427 προςθραμιύν
653 1339 717 1421 cinq
740 1327 879 1414 πατάξας,
903 1339 963 1426 αἶρε
978 1339 1135 1425 πλῆκτρον,
1159 1340 1183 1401 εἰ
1197 1344 1291 1425 μαχεῖ.
1317 1345 1350 1402 ct

225 1448 348 1514 Tincam.
372 1467 426 1513 vs:
441 1445 504 1507 789
531 1446 555 1507 εἰ
583 1448 670 1507 κακάν
697 1445 791 1526 ἐσμεν,
816 1446 841 1506 τί
867 1442 980 1528 γαμεῖθ’
1008 1443 1095 1526 ὑμεῖς,
1123 1444 1199 1531 εἴπερ
1227 1445 1350 1529 άληθῶς

891 1553 979 1611 κακάν
1002 1549 1101 1631 ἐσμεν;

224 1674 274 1740 Ex
307 1672 451 1738 omnibus
496 1671 726 1737 enuntiatorum
771 1669 1034 1752 condicionalium
1079 1670 1246 1752 generibus
1289 1670 1350 1738 hoc

225 1777 384 1843 levissime
407 1772 538 1839 alteram
562 1774 751 1839 sententiam
766 1773 805 1838 ab
822 1773 922 1839 altera
936 1772 1076 1859 pendere
1095 1773 1229 1855 legentis
1244 1774 1349 1840 animo

226 1879 383 1947 subicitur.
418 1874 484 1952 Quo
507 1875 552 1957 tit,
575 1882 610 1940 ut
632 1873 858 1941 condicionalis
881 1875 1054 1960 particulae
1078 1867 1170 1942 civis
1192 1876 1349 1942 interdum

224 1984 258 2048 in
282 1981 416 2048 causalis
439 1977 613 2065 particulae
636 1979 795 2043 notionem
818 1978 896 2043 iere·
913 1978 1015 2061 abeat,
1038 1979 1125 2045 velut
1153 1981 1185 2044 in
1209 1977 1350 2046 Nubibus

156 2092 159 2100 ’
229 2085 408 2170 Amyniam,
435 2088 603 2167 postquam
630 2099 732 2146 rerum
768 2080 951 2146 caelestium
984 2065 1137 2148 notitiam
1164 2083 1223 2149 sibi
1257 2102 1351 2150 curae

166 2231 169 2238 -
224 2207 380 2255 nonense
404 2184 585 2265 declaravit,
609 2182 806 2268 Strepsiades
827 2183 997 2266 indignans
1020 2184 1201 2269 alloquitur:

347 2310 392 2358 vs.
418 2289 500 2352 1283
522 2295 583 2359 πῶς
606 2288 653 2350 ούν
677 2287 829 2372 ἀπολαβεῖν
852 2289 1005 2376 τάργύριον
1028 2290 1133 2361 δίκαιος
1155 2291 1188 2368 εἷ,

525 2395 549 2456 εἰ
571 2393 660 2478 μηθὲν
683 2393 768 2456 οἶσθα
790 2399 847 2455 τῶν
870 2396 1022 2482 μετεώρων
1044 2401 1231 2486 πραγμάτων;

225 2518 336 2602 Neque
351 2519 441 2583 aliter
456 2516 605 2601 explicari
623 2521 740 2601 potest,
757 2515 841 2598 quod
856 2517 880 2578 εἰ
893 2536 951 2601 pro
967 2519 1007 2580 ὅτι
1027 2519 1166 2604 positum
1181 2516 1304 2583 videtur
1317 2517 1351 2583 in

224 2623 304 2689 Rau.
312 2642 356 2688 vs.
367 2621 457 2684 1006.
464 2622 607 2704 θυμοῦμαι
616 2619 668 2703 μὲν
678 2620 717 2702 tq
728 2609 860 2706 ξυντυχίᾳ
869 2623 915 2683 καί
927 2645 980 2705 μου
992 2624 1028 2684 τά
1042 2619 1182 2708 σπλάγχν’
1191 2624 1349 2705 ἀγανακτεῖ,

473 2728 498 2788 εἰ
520 2728 588 2814 πρὸς
610 2733 708 2789 τοῦτον
730 2727 770 2788 θεῖ
793 2725 994 2812 μ’άντιλὲγειν..
1337 2739 1339 2742 ’

224 2832 245 2895 i.
269 2850 296 2895 ο.
319 2829 443 2897 fervent
464 2830 540 2895 mihi
563 2831 625 2895 bile
650 2831 771 2895 viscera
797 2830 880 2915 quod
906 2832 983 2897 mihi
1006 2838 1115 2919 contra
1136 2831 1219 2897 hunc
1242 2829 1349 2916 dispu-

219 2931 356 2999 tandum
393 2934 460 2998 erit.
516 2932 641 2999 Certam
678 2933 724 2998 rai
761 2933 926 3000 cuiusdam
961 2954 1088 3000 causam
1127 2932 1186 2999 hac
1223 2933 1350 3000 dicendi

223 3035 358 3101 formula
379 3037 531 3102 incertam
555 3034 698 3100 reddunt.
745 3033 816 3101 Non
838 3057 900 3102 uno
926 3037 1054 3103 nomine
1081 3035 1349 3102 commemorandi

224 3146 297 3205 sunt
318 3129 429 3205 Pluti'
907 3141 910 3148 ’

327 3265 372 3311 vs.
389 3246 452 3309 329
468 3264 552 3328 sqq:
575 3242 663 3304 δεινὸν
685 3244 748 3329 γάρ,
773 3245 797 3304 εἰ
818 3241 974 3329 τριωβόλου
998 3242 1049 3326 μὲν
1073 3242 1174 3334 ούνεκα

575 3344 768 3431 ὠστιζόμεσθ’
792 3346 920 3410 ἑκάστοτ’
945 3349 974 3410 ἐν
997 3349 1169 3433 τήκκλησίᾳ,

574 3452 658 3515 αὐτὸν
681 3452 711 3515 δὲ
734 3454 781 3514 τύν
804 3453 936 3516 Πλοῦτον
959 3455 1076 3541 παρείην
1099 3476 1139 3539 τῳ
1163 3451 1270 3536 λαβεῖν.

224 3576 372 3642 Diversus
406 3575 516 3642 modos
550 3577 652 3642 iunxit
679 3575 923 3662 Aristophanes,
960 3579 1108 3661 quoniam
1144 3576 1187 3643 ad
1224 3576 1349 3643 diversa

223 3688 367 3763 tempora
388 3687 546 3764 spectant3
571 3680 705 3764 alterum
727 3681 809 3744 enirn
828 3679 1039 3762 (ὠστίζεσθαι),
1056 3686 1090 3744 ut
1111 3682 1174 3746 iam
1190 3679 1347 3749 Porsonus

225 3783 347 3850 monuit
374 3781 416 3848 ad
444 3782 604 3868 Euripidis
627 3781 745 3848 Phoen.
770 3804 814 3850 vs.
839 3786 900 3866 91,
935 3805 1045 3850 ucveua
1073 3783 1214 3869 quotidie
1243 3782 1348 3866 fiebat,

224 3887 358 3952 alterum
372 3907 446 3953 varo
469 3890 607 3975 (παριέναι
628 3887 676 3948 τὸν
699 3887 844 3969 Πλοῦτον)
874 3872 923 3951 er
942 3888 1037 3953 futuri
1059 3887 1211 3971 temporis
1234 3891 1348 3952 eventu

223 3989 391 4074 pendebat.
436 3989 544 4075 ltaque
567 3994 598 4057 in
622 3994 726 4076 priore
750 3993 890 4058 membro
914 3992 1044 4057 elidem
1071 3989 1228 4073 significat
1255 3998 1348 4074 atquc
1417 4076 1420 4084 Ι

225 4096 272 4157 ὅτι.
319 4093 409 4171 Quod
442 4095 589 4180 apodosis
624 4094 665 4160 ad
697 4095 848 4180 protasim
884 4097 1023 4181 optativo
1058 4100 1245 4180 conceptam
1279 4094 1346 4160 solo

164 4188 169 4200 ⁴
225 4198 377 4268 adiectivo
407 4199 593 4283 continetur,
623 4200 710 4266 cuius
738 4199 879 4280 legitima
906 4200 1008 4266 forma
1035 4205 1103 4264 erat
1128 4199 1213 4262 θεινόν
1242 4203 1276 4262 ἂν
1302 4200 1347 4286 εἴη

1161 4299 1194 4355 l}
