3082 4664
698 243 1002 310 -16-.

243 449 335 513 quem
363 428 490 515 quidam
512 429 545 494 in
573 431 811 512 grammaticam
833 451 980 514 graecam
1007 451 1122 498 novam
1144 431 1307 508 indicativi
1333 443 1365 500 et

242 533 282 599 ab
315 534 432 599 usitata
457 532 593 598 ahenam
627 532 689 598 vim
716 532 915 617 induxerunt,
939 534 1016 600 nihil
1042 535 1084 601 ad
1116 535 1363 619 intellegendum

150 723 153 730 Ι
241 634 442 703 hunc'usum
469 655 548 721 opus
575 639 633 702 est.
682 635 773 712 Quod
798 637 831 701 in
865 636 994 703 exordio
1020 637 1110 704 huius
1137 639 1280 723 opusculi
1309 659 1364 704 ex·

241 739 414 826 posuimus,
437 739 599 806 enuntiata
626 737 857 805 condicionalia
872 739 919 805 'ab
946 741 1093 825 optativis
1114 741 1257 825 proiecta
1283 761 1366 826 esse,

233 840 301 906 hoc
327 841 396 907 loco
418 841 706 908 novis‘rauonihus
728 841 845 906 firmari
872 849 986 927 potest.
1032 842 1064 908 Si
1092 844 1160 926 quis
1183 864 1250 909 rem
1272 863 1364 929 prae-

240 945 365 1010 teritam
392 943 459 1010 fieri
493 943 673 1027 desiderat,
687 964 754 1009 rem
786 945 988 1030 intempore
1014 947 1298 1030 praesentialiter
1330 966 1364 1012 se

241 1046 356 1114 habere
378 1049 446 1132 ipse
468 1067 531 1112 non
554 1048 664 1114 nescit.
709 1044 812 1123 Quare
834 1045 1005 1114 indicativo
1028 1049 1060 1112 in
1083 1050 1251 1116 enuntiatis
1273 1053 1365 1136 opta·

240 1151 322 1234 tivis,
350 1169 430 1234 quae
461 1150 502 1216 ad
529 1151 733 1237 praeteritum
765 1156 919 1235 spectant,
950 1170 1006 1216 suo
1038 1151 1105 1216 iure
1132 1149 1246 1218 Graeci
1278 1157 1365 1221 omni

241 1261 344 1324 aetate
366 1255 415 1319 usi
437 1261 518 1320 sunt.
563 1253 639 1322 lude
663 1252 790 1322 duxeris
812 1252 974 1320 indicativi
1002 1255 1035 1318 in
1057 1255 1227 1322 enuntiatis
1255 1256 1364 1322 condi-

242 1356 415 1423 cionalihus
449 1357 512 1422 vim
542 1363 754 1438 ornaturam,
781 1376 875 1440 quam
904 1356 1062 1423 nonnullis
1090 1357 1167 1423 locis
1195 1357 1245 1422 vel
1278 1359 1364 1444 apud
1424 1373 1426 1376 ·

240 1459 482 1546 Aristophanem
498 1460 574 1552 satis
588 1461 768 1545 perspicere
779 1479 955 1544 possumus.
983 1458 1129 1546 Exempli
1141 1461 1242 1543 gratia
1253 1460 1363 1528 affero:

241 1562 313 1650 Lys.
331 1584 376 1628 VS.
392 1564 464 1628 360.
488 1565 512 1626 εἰ
526 1563 561 1647 νὴ
583 1562 624 1626 Δί’
646 1564 704 1647 ἤδη
726 1565 780 1633 τὰς
805 1564 928 1648 γνάθους
952 1565 1058 1626 τούτων
1083 1586 1124 1634 τις
1149 1566 1169 1648 ἢ
1195 1565 1278 1649 δὶςῆ
1305 1567 1364 1654 τρὶς

488 1669 588 1755 ἔκοψεν
608 1669 706 1756 ’ὥσπερ
728 1669 888 1746 Βουπάλου,
912 1669 1011 1756 φωνὴν
1034 1672 1068 1733 ἂν
1092 1670 1143 1733 οὐκ
1165 1655 1198 1732 dv
1221 1670 1306 1756 εἶχον.

242 1789 362 1857 Chorus
379 1811 489 1857 senum
506 1791 622 1857 auxilio
639 1789 804 1858 destitutus
820 1790 978 1874 mulieres,
994 1811 1075 1874 quae
1090 1811 1196 1857 arcem
1212 1792 1363 1870 obtinent,

240 1894 355 1961 frustra
381 1894 510 1977 aggredi
538 1893 653 1961 studet.
699 1893 781 1958 Dum
809 1892 850 1958 ad
877 1893 1122 1979 oppugnandam
1150 1913 1256 1960 arcem
1281 1896 1363 1960 inter

241 2017 275 2063 se
302 1997 464 2063 hortantur
491 2017 592 2080 senes,
621 1997 785 2062 mulierum
813 1997 993 2081 superbiam
1020 1998 1240 2083 deprecantur.
1284 1995 1365 2062 (lum

241 2100 409 2166 nemodum
432 2101 767 2168 maxillasmulierum
789 2097 941 2166 tutuderit
964 2099 1064 2184 (quod
1090 2101 1160 2185 ipse
1188 2100 1301 2166 chorus
1324 2120 1362 2164 ex

239 2202 414 2290 impudenti
438 2224 546 2270 carum
569 2202 707 2269 clamore
723 2203 919 2286 exploratum
941 2203 1060 2286 habet),
1083 2202 1275 2272 desiderium
1289 2201 1374 2289 pro-¹

239 2305 350 2371 femur:
374 2305 501 2372 Utinam
527 2307 596 2390 quis
623 2303 791 2371 tutudisset
813 2305 946 2370 istamm
973 2304 1130 2387 maxillas,
1157 2309 1226 2371 tum
1254 2321 1363 2372 vocem
1481 2295 1484 2300 ’

239 2429 302 2474 οοο
328 2409 489 2476 haberent.
534 2409 637 2493 Atque
664 2407 821 2474 desiderio
849 2408 953 2474 locum
981 2428 1052 2474 esse
1077 2409 1111 2473 in
1133 2407 1182 2475 his
1210 2410 1362 2489 versibus,

239 2513 425 2597 quicumque
456 2513 632 2578 accuratius
669 2510 748 2576 illud
781 2531 890 2576 senum
925 2518 957 2576 et
989 2510 1155 2576 mulierum
1187 2510 1362 2577 divertium

239 2616 475 2698 examinaverit,
498 2615 591 2680 iacile
613 2614 783 2696 intelleget,
827 2613 897 2679 Una
924 2633 984 2679 vox
1008 2635 1048 2707 ex
1069 2613 1129 2681 hac
1157 2616 1277 2680 ratione
1298 2631 1363 2678 non

238 2719 419 2786 necessaria
442 2718 573 2799 videtur,
601 2717 757 2802 particula
779 2719 822 2792 ἄν,
851 2718 891 2783 (1ο
914 2720 975 2801 qua
1002 2718 1076 2801 quid
1102 2718 1236 2784 sentiam
1263 2711 1362 2781 trihus
1408 2741 1411 2748 ·

237 2822 340 2888 vertis
369 2821 536 2888 dicendum
564 2827 620 2887 est.
669 2820 746 2887 Post
772 2821 900 2904 Reisigii
930 2822 1226 2886 commentationem
1256 2819 1295 2885 de
1328 2823 1361 2882 dv

237 2923 422 3010 particulae
446 2927 477 2989 vi
503 2933 537 2991 et
565 2944 633 3005 usu,
660 2924 712 3007 qui
741 2923 800 2990 hoe
826 2924 948 2998 statuit:
977 2926 1031 3008 „dv
1052 2923 1216 3009 particula,
1244 2923 1362 3007 aliquid
1443 2939 1445 2946 ·

120 3023 123 3028 ’
238 3027 305 3091 lieri
339 3048 396 3112 per
429 3047 611 3092 caussarum
639 3024 797 3109 quandam
825 3013 1058 3092 cohaerentiam
1086 3025 1361 3110 posse,'indieat“,

151 3192 155 3202 ,
238 3129 437 3195 Hermannus
464 3129 503 3195 de
526 3129 682 3220 particula
703 3132 738 3191 ἄν
766 3130 884 3195 docuit:
910 3129 1102 3214 „particulae
1129 3129 1163 3189 ἄν
1187 3147 1225 3192 ea
1246 3128 1361 3213 ubique
1390 3157 1393 3162 ·

237 3234 284 3298 vis
311 3240 368 3316 est,
391 3239 425 3297 ut
447 3232 487 3297 ad
515 3233 651 3317 aliquam
680 3232 892 3299 conditionem
919 3233 1081 3312 referatur,
1115 3251 1196 3314 quae
1223 3229 1360 3297 conditio
1427 3259 1428 3262 ¹

238 3355 333 3420 saepe
360 3335 549 3418 adiungitur,
579 3336 631 3401 uhi
658 3342 762 3401 autem
792 3342 926 3402 nonest
954 3335 1070 3416 addita,
1093 3339 1203 3400 tamen
1230 3335 1360 3416 cogitari

238 3436 361 3503 debet.“
385 3437 474 3505 Multi
502 3449 573 3524 post
594 3438 809 3504 Hermannum
836 3441 870 3504 iu
893 3440 971 3505 alias
999 3437 1157 3505 doctrinas
1183 3436 1362 3503 inciderunt

238 3539 503 3622 (Baaumleinium
531 3547 564 3608 ct
586 3543 734 3608 Akenum
750 3562 828 3626 prae
856 3543 968 3608 ceteris
995 3529 1150 3623 nomino),
1178 3560 1255 3624 quas
1283 3561 1360 3606 enu-

114 3717 117 3724 Ι
237 3663 359 3709 merare
380 3644 510 3727 longum
532 3652 580 3710 est
601 3666 703 3729 neque
724 3642 893 3738 quidquam
916 3643 1240 3710 habet'emolumenti.
1285 3641 1360 3708 Pro·

238 3747 328 3813 hatur
353 3747 429 3812 mihi
456 3747 630 3814 Hermanni
657 3748 812 3814 sententia
839 3747 963 3830 qualem
990 3746 1025 3812 L.
1057 3745 1165 3828 Lange
1192 3748 1224 3812 in
1253 3746 1359 3812 diariis

236 3871 343 3936 gymn.
378 3849 530 3916 austriae.
547 3871 620 3916 ann.
639 3851 721 3914 1858
736 3871 767 3934 p.
785 3851 825 3916 48
841 3870 908 3933 sqq.
924 3849 1111 3931 immutavit,
1132 3835 1182 3932 qui
1205 3847 1360 3934 particula

237 3957 270 4016 ἄν
297 3952 515 4020 condicionem
544 3953 670 4038 quidem
696 3952 830 4019 indicari
860 3953 1033 4038 praecepit,
1062 3950 1119 4018 sed
1151 3951 1358 4017 indefinitam.

235 4057 344 4142 ltaque
371 4057 483 4128 chorus
509 4058 543 4123 in
564 4056 760 4142 Lysistratae
786 4055 927 4122 versibus
949 4074 1042 4121 voces
1069 4052 1269 4119 mulierculas
1297 4072 1359 4118 non

236 4162 405 4229 emissuras
431 4159 529 4226 fuisse
556 4179 613 4245 pro
641 4165 725 4225 certo
753 4158 910 4224 affirmare
938 4176 1001 4223 non
1029 4164 1142 4243 potest,
1166 4156 1262 4221 etiam
1284 4174 1359 4220 con·
