3082 4664
707 280 897 340 ..2-

328 464 420 548 Quod
442 463 595 546 Bergkius
623 466 655 530 in
678 465 872 550 Lysistratae
901 486 961 531 vss.
983 467 1047 530 580
1070 486 1114 550 sq.
1139 467 1364 552 comprobante

244 566 401 634 Meinekio
424 570 575 652 reposuit:
599 569 640 630 κεῖ
662 590 703 638 τις
725 558 809 641 ξένας
831 571 852 652 ᾖ
877 569 964 655 φίλας
980 568 1051 652 ὑμῖν,
1068 570 1187 634 inutilis
1211 570 1363 635 correctio

212 760 216 767 .
244 680 301 755 est,
324 693 396 738 cum
418 681 449 738 ct
471 674 555 759 φίλος
577 680 608 738 et
631 664 712 746 Εὲνοα
734 681 839 759 aptam
855 675 1097 760 explicationem
1112 674 1249 740 habeant
1263 693 1363 757 neque

243 777 416 862 particulae
449 780 472 840 εἰ
505 798 576 843 oum
604 779 801 844 coniunctivo
836 778 992 843 rarissime
1024 779 1150 843 iunctae
1166 802 1168 810 '
1183 778 1362 863 exemplum

244 882 423 947 coniectura
455 882 570 947 inferre
602 882 706 948 liceat.
751 880 855 966 Atque
888 883 975 948 verbi
1009 880 1363 948 substantividefeotus

245 982 388 1069 plurimis
403 985 556 1069 exemplis
572 986 650 1051 satis
665 983 852 1066 defenditur,
869 985 1020 1068 equibus,
1037 985 1064 1050 si
1075 986 1154 1050 tanti
1170 991 1227 1066 est,
1243 984 1361 1066 allego:

244 1087 337 1174 Vosp.
360 1109 405 1154 VS.
429 1091 506 1154 892:
531 1089 554 1151 εἴ
577 1110 618 1159 τις
640 1090 758 1176 θύρασιν
781 1089 931 1173 ἡλιαστὴς,
955 1090 1053 1159 eicitur.
1270 1093 1274 1104 '

328 1191 514 1276 Plerumque
536 1194 712 1259 sententiae
728 1194 881 1259 enuntiati
901 1194 940 1258 ab
963 1195 987 1256 εἰ
1008 1192 1162 1279 particula
1183 1193 1363 1278 incipientis

244 1296 343 1361 altera
357 1297 403 1362 ita
418 1295 579 1380 adhaeret,
595 1304 639 1379 ut,
655 1299 716 1363 nisi
730 1297 786 1362 illa
799 1317 987 1383 praegressa
1005 1299 1055 1380 sit,
1071 1297 1149 1362 haec
1164 1317 1227 1363 non
1252 1297 1363 1363 valeat.

221 1397 307 1482 ,lam
330 1420 403 1465 vero
427 1401 453 1466 si
475 1401 635 1484 utriusque
659 1401 836 1467 sentcntiae
850 1402 1005 1467 rationem
1028 1400 1188 1486 explicare
1209 1400 1361 1481 volumus

243 1501 349 1567 variae
375 1504 510 1588 protasis
537 1509 569 1568 et
602 1502 749 1588 apodosis
787 1504 907 1569 formae
933 1504 1115 1586 singillatim
1146 1501 1360 1568 recensendae

243 1613 322 1670 sunt
357 1604 393 1670 ln
415 1605 485 1671 aliis
507 1606 616 1672 formis
639 1607 725 1673 notio
748 1606 974 1674 condicionalis
997 1607 1049 1671 vix
1072 1606 1308 1691 persentiscitur
1329 1613 1362 1671 et

247 1732 349 1797 paene
372 1713 508 1778 causalis
528 1712 572 1795 fit,
595 1713 629 1778 in
651 1712 720 1806 aliis
743 1715 867 1795 integra
888 1712 1002 1780 evadit.

327 1815 375 1881 Ac
386 1816 522 1900 primurn
535 1815 660 1900 quidem
673 1816 825 1901 protasim
838 1814 1008 1881 indicativo
1025 1815 1175 1899 temporis
1187 1814 1362 1899 praesentis

243 1916 357 1983 elatam
381 1920 520 2002 sequitur
542 1917 690 2004 apodosis
712 1917 882 1983 indicativo
897 1919 1082 2004 praesentis.
1121 1916 1361 1982 Enuntietorum

240 2020 382 2085 membra
396 2022 441 2086 ita
456 2019 609 2106 disposita
624 2028 706 2102 sunt,
720 2028 755 2086 ut
768 2022 802 2086 in
817 2020 1012 2103 undeviginti
1027 2017 1180 2105 exemplis
1190 2017 1362 2105 praecedat

239 2124 374 2208 protasis
401 2122 542 2208 apodosi‚
568 2125 602 2191 in
630 2123 809 2208 quindecim
836 2115 989 2210 exemplis
1012 2123 1159 2209 apodosis
1182 2123 1362 2208 praeposita

240 2227 280 2291 sit
301 2227 429 2311 protasi.
474 2224 605 2293 Duabus
628 2225 668 2292 de
691 2228 795 2293 causis
810 2228 929 2312 protasi
944 2227 1049 2292 locum
1071 2227 1208 2312 priorem
1231 2222 1361 2310 concedi

240 2330 416 2415 exspectari
439 2329 523 2411 licet,
547 2349 677 2413 quarum
703 2350 768 2395 una
794 2336 852 2411 est,
881 2327 966 2413 qnod
987 2330 1176 2415 principium
1199 2328 1362 2394 cuiusdam

239 2432 286 2497 rei
312 2431 362 2498 vel
388 2431 475 2513 faeti,
504 2438 539 2496 ut
560 2439 672 2497 natura
700 2433 786 2516 prius
814 2438 871 2512 eet,
893 2433 939 2496 ita
965 2432 1060 2497 etiam
1088 2451 1232 2497 sermone
1258 2433 1362 2517 priore

239 2534 309 2600 loco
343 2533 512 2616 significari
546 2541 792 2600 consentaneum
825 2539 887 2618 est;
921 2535 1031 2616 altera,
1054 2534 1137 2617 quod
1170 2554 1209 2600 ex
1242 2535 1362 2617 origine

240 2638 390 2722 optativa,
424 2637 599 2702 sententiae
633 2636 842 2704 condicionali
879 2638 1052 2721 antiquitus
1088 2639 1224 2722 priorem
1257 2639 1361 2704 locum

240 2740 347 2806 deberi
368 2740 435 2804 iure
458 2739 633 2804 statuimus.
677 2738 778 2804 Maior
800 2748 885 2806 esset
912 2739 1127 2824 exemplorum
1149 2743 1263 2806 veteris
1285 2760 1361 2806 usus

240 2842 325 2928 apud
339 2842 582 2928 Aristophanem
597 2862 757 2923 numerus,
774 2843 835 2908 nisi
849 2842 1005 2928 particula
1026 2848 1067 2928 μή
1084 2844 1178 2908 etiarn
1195 2845 1228 2920 εἰ,
1246 2863 1360 2928 nempe

238 2948 271 3013 in
293 2948 450 3014 locutione
472 2950 496 3010 εἰ
510 2951 550 3032 μή
575 2954 684 3031 quater
707 2944 759 3030 (N.
777 2949 849 3012 327.
867 2948 938 3013 660.
956 2948 1013 3014 Av.
1032 2949 1123 3014 1680.
1142 2947 1265 3013 Thesm.
1281 2947 1359 3030 470)

239 3072 295 3118 suo
318 3053 387 3118 loco
410 3060 529 3118 motum
551 3057 644 3117 esset.

322 3153 516 3238 Quamquam
544 3155 649 3219 variae
675 3161 729 3219 aut
755 3153 903 3239 apodosis
930 3154 1017 3222 verbi
1044 3155 1152 3220 omissi
1180 3159 1234 3219 aut
1260 3155 1358 3238 ipsius

239 3259 381 3324 abiectae
392 3257 539 3344 apodosis
549 3257 766 3341 formae‚quae
777 3259 809 3323 in
821 3257 969 3324 diverbiis
981 3256 1358 3342 comoediaesaepissime

238 3362 386 3428 orationis
409 3362 554 3427 concisae
578 3365 609 3426 ot
631 3380 712 3444 quae
733 3361 876 3426 inutilem
896 3361 1059 3426 verborum
1076 3363 1198 3446 copiam
1215 3359 1359 3445 repudiet

238 3463 433 3545 adhibentur,
460 3463 576 3545 dignae
603 3469 685 3544 sunt,
714 3483 794 3546 quae
822 3470 935 3549 postea
968 3465 1141 3548 separatim
1175 3455 1358 3543 tractentur,

237 3575 343 3631 tamen
380 3566 601 3652 praemonebo‚
641 3566 868 3630 substantivum
906 3573 937 3631 ct
970 3565 1160 3632 adiectivum
1192 3567 1357 3652 praedica-

236 3671 299 3734 tive
321 3670 410 3754 poni:

280 3773 373 3860 Vesp.
390 3794 435 3840 vs.
452 3772 525 3836 956.
546 3775 571 3835 τί
594 3772 642 3835 οὖν
666 3773 781 3858 ὄφελος,
806 3773 853 3834 τὸν
876 3774 957 3861 τυρὸν
981 3775 1005 3835 εἰ
1026 3774 1176 3837 κατεσθίει.

237 3885 270 3945 et
283 3878 369 3948 Eccl.
385 3900 430 3946 os.
448 3880 519 3942 644.
544 3881 579 3941 roi
595 3875 647 3962 μὲν
664 3879 744 3940 ἄλλα
759 3880 851 3962 λἐῐεπ
866 3878 944 3942 οὐδὲν
960 3885 1086 3949 σκαιῶς·
1100 3882 1123 3942 εἰ
1137 3879 1167 3942 δὲ
1190 3875 1356 3967 προςελθὼν

1002 3981 1175 4074 Ἐπίκουρος,

542 4092 561 4175 ἢ
586 4090 775 4177 Λευκολόφας
798 4097 912 4154 πάππαν
935 4113 971 4174 με
994 4093 1084 4167 καλεῖ,
1103 4089 1177 4155 τοῦτ’
1193 4093 1251 4176 ἤδη
1270 4091 1356 4155 δεινὸν
1453 4157 1457 4164 ,

1003 4201 1128 4261 ἀκοῦσαι.
