3082 4664
531 301 856 410 ¹¹45..

161 499 163 506 ’
203 510 249 578 uls
281 509 386 578 Punkt
418 503 614 592 autgesaesto'
627 523 629 528 ·
642 507 827 601 Thutsaohe
861 508 919 576 dio
938 508 1203 596 'praesentisoben
1230 509 1338 589 einen,

201 611 350 694 Zustand3
373 613 419 680 oft
445 613 539 680 einen
571 610 682 695 langor
715 610 937 680 anbalteudeu.
992 606 1156 678 uunnerue
1189 609 1325 695 denique

200 719 277 783 sate
300 715 433 784 obseura
457 712 619 797 distinguit
641 712 735 796 (ausi.
751 713 890 782 Gramm.
909 715 992 778 1870
1014 734 1045 800 p.
1064 713 1153 798 158):
1177 711 1325 780 beidam

200 817 368 905 Imperativ
391 817 448 884 des
470 817 580 884 Aorist
596 815 677 884 lauet
703 814 760 882 der
780 815 932 887 Rodende
957 814 1010 883 die
1031 815 1202 900 Hundlung
1227 815 1326 884 selbot

203 913 324 988 in'den
347 918 569 1002 Vordergrnnd
583 924 704 1002 treton,
726 918 873 989 beidam
894 917 1064 1006 Imperativ‘
1090 917 1147 986 des
1168 911 1324 988 Praesens
1417 955 1418 960 =

200 1023 254 1090 die
275 1021 516 1105 lintwiekelung
538 1021 713 1089 dersolben.

276 1125 320 1191 ·Si
333 1125 478 1210 quietum
491 1123 631 1192 diversas
644 1123 855 1208 neumisque
869 1123 990 1190 formae
1005 1124 1133 1192 notione
1142 1124 1321 1192 sententias

201 1229 338 1315 prolatas
359 1228 482 1311 viderit,
499 1217 623 1310 sentiet
645 1228 767 1313 opinor,
783 1245 854 1295 earn
870 1246 939 1295 osse
954 1227 1132 1313 imperativi
1146 1227 1322 1312 praesentis

104 1406 106 1410 Α
179 1339 232 1398 et
253 1331 362 1423 aoristi
385 1330 608 1413 differentiam,
630 1335 665 1398 ut
678 1328 764 1396 haud
784 1349 856 1397 raro
878 1336 1009 1414 uterque
1031 1327 1167 1396 eandem
1182 1329 1323 1415 expliea-

199 1436 318 1502 tion'em
354 1433 479 1502 habeat.
537 1432 601 1500 Sed
644 1439 679 1499 ut
713 1433 773 1499 rite
809 1431 962 1519 procedat
997 1431 1168 1522 disputatio
1204 1439 1322 1516 nostra,

197 1537 425 1624 profioisoimur
452 1556 472 1602 a
499 1534 621 1609 duobus
648 1535 726 1602 loeis
748 1533 997 1622 Aristophanem,
1024 1529 1076 1620 qui
1103 1535 1322 1620 imperativum
1374 1549 1379 1560 “

197 1648 229 1706 et
256 1640 431 1726 praesentis
460 1645 493 1706 ot
518 1639 626 1706 aoristi
652 1639 685 1704 in
718 1636 851 1723 apodoei
883 1638 1067 1726 sententiae
1096 1633 1344 1722 eondioionalis

195 1737 359 1828 praebent.
401 1741 491 1808 Prior
512 1749 561 1808 est
685 1732 688 1739 ’

299 1847 373 1934 Lys.
398 1867 442 1914 vs.
467 1848 529 1911 531
758 1841 876 1908 ἀλλἐἱ
898 1843 973 1909 τοῦτ’
998 1844 1127 1929 ἐμτοοιόν
1151 1867 1206 1923 σοι,

380 2015 382 2018 ,
469 2025 472 2030 ,
554 1947 620 2038 παρ’
645 1950 714 2033 ἐμοῦ
736 1951 812 2022 τουτὶ
833 1951 865 2014 τὸ
888 1950 1026 2034 κάλυμμα
1048 1949 1148 2036 λαβὼν

553 2055 603 2142 ἔχε
625 2055 673 2118 καὶ
694 2056 810 2143 περίθου
832 2055 895 2143 περὶ
916 2055 969 2140 τὴν
992 2056 1134 2144 κεφαλὴν,

287 2228 289 2234 ,
554 2162 627 2246 κᾷτα
650 2162 750 2224 σιώπα.

197 2263 373 2352 Lysistrata
386 2264 519 2350 probulo
541 2272 576 2330 ut
597 2270 716 2332 taoerot
737 2266 956 2351 imperaverat,
977 2272 1009 2333 at
1030 2265 1084 2332 ille
1106 2285 1266 2350 nunquam
1287 2265 1322 2332 id

196 2387 231 2434 so
264 2366 419 2434 fauturum
453 2387 524 2435 esso
557 2366 725 2434 affirmavit
755 2369 941 2454 praesertim
978 2369 1155 2454 imperanto
1191 2368 1322 2448 femina,

196 2489 277 2555 quae
309 2477 405 2555 eaput
426 2469 583 2536 flammeo
606 2469 754 2536 uelatum
787 2469 926 2538 baberet
974 2469 1073 2548 Quod
1103 2471 1253 2558 probrum
1285 2477 1321 2538 ut

195 2572 287 2638 tollat
312 2571 374 2657 ipsi
400 2572 533 2657 probulo
560 2571 742 2640 flammeum
770 2567 869 2640 affert.
900 2572 1100 2660 tooipiendi
1122 2573 1234 2660 (λαβὼν
1256 2573 1319 2664 ἔχε)

194 2682 228 2742 et
260 2675 518 2762 oireumponondi
552 2676 695 2766 (περίθου)
729 2678 811 2744 aetio
844 2675 987 2744 eiusdem
1019 2680 1171 2764 temporis
1196 2679 1319 2762 est3in

194 2782 382 2866 imperativo
405 2783 579 2867 praesentio
602 2781 681 2854 nihii
703 2786 754 2849 est
775 2780 860 2866 quod
875 2780 1049 2852 durantem
1076 2783 1126 2850 vel
1152 2785 1334 2870 repetitam

195 2904 263 2950 rem
289 2882 418 2962 indicet,
465 2883 600 2952 Perinde
627 2890 679 2954 est
703 2884 803 2970 λαβὼν
826 2887 876 2973 ἔχε
903 2905 941 2954 ao
959 2887 995 2953 si
1021 2887 1199 2972 seripeie'set
1224 2893 1321 2978 poeta
1430 2885 1432 2890 ’

195 2987 269 3073 λαβὲ
291 2990 339 3053 καὶ
360 2980 486 3079 περίθου.
531 2989 710 3058 Moinekius
727 2989 855 3076 quidem
870 2991 1127 3060 inconcinnitatis
1148 2991 1318 3078 impatiens

195 3096 307 3178 melius
352 3116 423 3163 esee
467 3102 633 3180 rituumque
669 3096 888 3182 imperativum
925 3097 1100 3181 praesentis
1142 3097 1318 3182 proposuit:
1414 3145 1416 3150 ,

195 3201 315 3287 περιδοῦ,
332 3220 412 3285 quae
428 3200 570 3286 quamvis
585 3198 687 3282 facilis
701 3199 744 3266 sit
755 3199 885 3266 mutatio
898 3189 1004 3266 tamen
1016 3199 1083 3266 iur'e
1095 3199 1135 3266 ab
1147 3198 1318 3267 editoribus

195 3305 359 3391 respuitur.
393 3302 506 3372 Melius
520 3302 698 3387 imperativi
713 3302 836 3368 secerni
850 3308 981 3387 possunt
994 3302 1028 3368 in
1050 3301 1149 3368 altero
1172 3304 1317 3389 exemplo

318 3407 398 3480 Nub.
422 3428 467 3474 vs.
490 3409 554 3472 452
574 3412 645 3468 ταῦτ
667 3405 691 3468 εἴ
712 3427 748 3487 με
771 3403 889 3469 καλοῖιο’
913 3407 1100 3483 ἁπαντῶντες,
1173 3417 1176 3422 “
1267 3463 1272 3472 ,

574 3511 706 3597 δρώντων
730 3513 857 3597 ατεχνῶς
877 3512 895 3573 ’ὅ
917 3533 941 3572 τι
963 3511 1130 3598 χρῄζουσιν,

441 3676 445 3684 ,
574 3617 616 3680 κεί
638 3615 795 3700 βούλονται,

574 3721 610 3806 νὴ
632 3720 685 3805 τὴν
708 3723 826 3808 Δήμητῤ
849 3721 882 3784 ἔκ
904 3744 958 3803 μου
980 3721 1071 3809 χορδὴ

157 3891 176 3914 .·
573 3834 631 3898 τοῖς
653 3834 830 3914 φροντισταῖς
851 3827 1046 3912 παραθέντων.

196 3928 399 4015 Strepsiades
416 3929 599 4017 intrepidus.
612 3951 726 4017 eorpus
748 3951 783 3998 se
804 3931 934 3997 nubium
958 3933 1109 4000 ministris
1131 3929 1317 3998 traditurum

194 4053 266 4098 esee
288 4032 462 4118 pollicetur,
478 4033 572 4108 modo
594 4026 771 4100 hominibus
793 4032 936 4100 videatur
958 4053 1029 4102 esso
1044 4033 1160 4118 audax,
1175 4034 1266 4099 tritus
1285 4033 1318 4098 in

193 4135 301 4203 litibus
345 4140 498 4222 uersutus.
547 4135 580 4202 Si
612 4136 661 4203 his
695 4156 745 4201 me
779 4135 967 4219 nominibus,
1001 4137 1111 4221 inquit,
1145 4135 1317 4222 appellant,

194 4185 332 4314 faoiunss
353 4237 449 4322 plane
471 4244 506 4304 ut
526 4238 622 4320 lubet,
645 4245 677 4304 et
699 4238 726 4304 si
739 4237 848 4304 volunt
866 4257 906 4304 ox
920 4257 972 4304 me
993 4238 1143 4306 intestina
1164 4237 1318 4306 fareiunto
