3082 4664
685 308 893 371 ..10-

229 516 308 581 quae
331 496 486 584 adscripsi
509 505 620 582 exstat,
647 499 849 584 imperativus
872 503 906 562 et
926 493 1100 580 praesentis
1123 501 1155 558 et
1181 491 1300 572 amisti,
1319 495 1351 555 et

132 621 134 628 ¹
228 599 416 666 indicativus
443 602 617 687 praesentis
645 607 676 666 et
702 599 798 666 futuri
824 601 857 664 in
884 597 1015 684 apouosi
1041 595 1250 662 inveniuntur.
1299 590 1350 657 ln·

228 701 381 769 dicativus
403 704 578 789 imperfecti
601 710 633 769 et
655 704 772 785 coristi,
796 711 856 786 quo
879 703 911 766 in
933 701 1101 766 enuntiatis
1125 695 1350 764 condicionali-

228 806 286 872 bus
309 809 348 873 ab
375 808 399 870 εἰ
420 807 643 894 incipientibus
669 806 730 872 nisi
752 805 906 888 singulari
930 802 969 869 de
993 822 1090 869 causa
1111 821 1174 867 non
1201 819 1275 866 usus
1304 805 1351 864 est

227 917 331 995 poeta,
355 913 449 977 etiam
472 931 582 978 vocem
606 911 681 998 εἴπερ
705 930 775 975 raro
798 909 945 992 sequitur.
991 905 1120 972 Duobus
1141 903 1219 970 locis
1245 900 1351 988 perbi-

229 1013 318 1079 betur
345 1015 435 1097 (nam
462 1018 555 1083 tertio
583 1015 653 1082 loco
681 1015 792 1097 fragm.
815 1012 879 1077 476
901 1009 996 1075 Diod.
1023 1008 1063 1074 de
1084 1009 1206 1073 incerta
1220 1004 1351 1071 Porscni

227 1117 409 1182 coniectura
430 1117 585 1202 additur):

228 1218 307 1304 Equ.
323 1241 367 1286 vs.
384 1221 456 1286 848.
486 1222 518 1284 οὐ
541 1224 594 1310 γάρ
618 1219 645 1285 σ’
658 1223 756 1309 ἐχρῆν,
781 1222 856 1306 εἴπερ
872 1219 964 1305 φιλεῖς
985 1216 1032 1279 τὸν
1055 1216 1156 1297 δῆμον,
1174 1212 1206 1274 ἐκ
1221 1212 1351 1298 προνοίας

481 1330 588 1398 ταύτας
611 1329 660 1391 ἐᾶν
684 1329 789 1391 αὐτοῖσι
810 1333 868 1396 τοῖς
890 1312 1025 1410 πόρπαξιν
1049 1319 1228 1404 ἀνατεθῆναι.

249 1430 306 1495 Av.
324 1453 368 1498 vs.
386 1435 458 1498 531.
481 1433 558 1498 κούδ’
582 1433 639 1511 οὖν,
664 1436 739 1522 εἴπερ
762 1440 851 1496 ταῦτα
873 1432 947 1493 δοκεῖ
969 1429 1048 1516 δρᾶν,

485 1543 673 1624 ὀπτησάμενοι
695 1536 855 1628 παρέθενθ’·
874 1535 957 1619 ὑμᾶς,

485 1644 554 1708 ἀλλ’
578 1647 721 1709 ἐπικνῶσιν
744 1646 836 1731 τυρὸν,
860 1643 964 1706 ἔλαιον.

228 1741 263 1807 ln
286 1747 390 1829 priore
413 1750 558 1836 exemplo
580 1752 734 1818 isiciarius
756 1749 907 1835 populum
930 1743 1082 1811 aGleone
1103 1740 1206 1824 decipi
1222 1754 1352 1823 persua·
1381 1767 1384 1772 ¹

229 1866 297 1942 sum
321 1847 418 1916 habet
440 1858 534 1936 atque
561 1853 602 1919 ad
629 1850 885 1939 patefaciendam
912 1848 1065 1928 fraudem,
1094 1840 1177 1928 quid,
1205 1842 1232 1906 si
1256 1839 1352 1904 bene-

229 1948 318 2015 volus
346 1962 431 2018 esset
457 1954 545 2040 Cleo,
572 1957 676 2023 iacere
704 1955 865 2022 debuisset
890 1953 1030 2039 pluribus
1057 1947 1195 2033 exponit.
1244 1941 1352 2006 Altero

229 2050 299 2118 loco
333 2056 466 2122 aoristus
503 2059 761 2125 consuetudinem
795 2057 957 2124 bominum
994 2049 1148 2134 designat.
1205 2045 1284 2112 Oum
1320 2044 1353 2107 in

230 2157 375 2223 omnibus
390 2179 470 2243 quae
486 2147 590 2228 adhuc
604 2163 819 2229 recensuimus
842 2160 1074 2226 enuntiatorum
1091 2147 1352 2218 condicionalium

231 2261 384 2344 exemplis
418 2264 518 2329 maior
555 2266 595 2332 sit
628 2278 776 2330 numerus
809 2261 1090 2348 praepositivamm
1128 2251 1354 2319 sententiarum

231 2361 505 2449 condicionalium,
528 2367 560 2432 in
583 2366 642 2434 bac
665 2369 771 2453 specie
793 2367 934 2431 inversus
957 2359 1166 2427 membrorum
1190 2352 1269 2420 ordo
1289 2352 1354 2417 usi·

121 2553 123 2559 Ι
230 2465 324 2529 tatior
339 2474 395 2533 est.
430 2468 685 2545 Quattuordecim
700 2471 779 2537 locis
794 2469 929 2555 protasis
945 2459 1170 2532 condicionalis
1181 2456 1354 2543 posteriore

229 2567 299 2633 loco
323 2568 464 2652 habetur,
487 2593 600 2638 novem
622 2574 700 2639 loeis
722 2575 827 2659 priore
848 2571 918 2637 loco
940 2575 998 2634 ost.

308 2669 399 2748 Quod
409 2673 512 2740 adhue
521 2680 555 2741 et
564 2677 597 2740 in
607 2676 675 2742 sola
683 2677 838 2762 particula
847 2677 871 2738 εἰ
881 2677 915 2739 in
923 2671 1080 2760 particula
1092 2667 1266 2752 composita
1277 2663 1352 2748 εἴπερ

230 2773 297 2839 lieri
309 2775 454 2859 vidimus,
467 2783 501 2841 ut
513 2781 727 2846 concessivam
741 2781 900 2847 notionem
913 2778 1119 2854 assumerent,
1134 2772 1168 2837 id
1180 2767 1353 2855 particulae

231 2879 255 2939 εἰ
277 2898 347 2946 cum
374 2881 421 2942 καί
449 2883 635 2949 coniunctae
662 2904 787 2970 semper
809 2882 935 2964 accidit,
959 2880 1092 2946 dicimus
1116 2873 1352 2942 coniunctiones

230 2984 272 3045 κεί
295 2995 326 3051 et
349 2986 372 3046 a
393 2987 448 3048 καί.
496 2984 712 3053 condicionali
735 2987 897 3052 enuntiato
914 2985 1039 3070 proprie
1061 2979 1253 3062 significatur
1271 2971 1354 3058 quod

230 3088 396 3173 praegredi
422 3110 552 3156 necesse
576 3093 632 3173 est,
655 3091 834 3176 priusquam
862 3089 925 3154 alia
946 3107 996 3152 res
1022 3085 1089 3150 tieni
1117 3081 1229 3166 possit3
1252 3094 1353 3158 neque

230 3212 303 3257 vero
326 3194 551 3258 sententiarum
567 3195 646 3260 ratio
663 3195 808 3279 opposita
830 3197 889 3275 cst,
912 3199 946 3256 ut
969 3190 1069 3255 altera
1090 3185 1204 3263 valeat,
1230 3178 1353 3246 etiamsi

231 3295 332 3360 altera
353 3295 416 3360 liat.
463 3296 496 3361 Si
519 3296 745 3363 condicionalis
768 3296 921 3363 enuntiati
935 3292 1085 3359 'membra
1104 3290 1150 3354 ita
1172 3290 1354 3369 comparata

231 3406 312 3480 sunt,
339 3400 553 3466 concessivam
577 3420 763 3486 compagem
785 3400 867 3466 cilici
893 3402 1033 3483 apparet.
1077 3392 1136 3469 Qui
1162 3389 1279 3454 factum
1303 3385 1353 3465 sit,

229 3512 263 3567 ut
286 3503 310 3562 εἰ
324 3503 370 3564 καί
392 3504 425 3568 in
441 3505 504 3568 vim
521 3504 736 3570 concessivam
760 3503 871 3584 abiret,
894 3497 1090 3584 grammatici
1105 3501 1198 3560 aucta
1220 3491 1250 3555 vi
1277 3507 1352 3553 con-

231 3605 379 3670 dicionali
395 3605 553 3692 explicare
567 3607 682 3672 frustra
696 3604 826 3672 student
841 3606 953 3688 (instar
967 3601 1105 3668 omnium
1122 3595 1194 3662 vide
1206 3591 1353 3659 Koehne·
1415 3669 1419 3678 ⁸

229 3728 298 3773 rum
316 3728 345 3792 p.
362 3708 449 3793 989),
470 3729 539 3774 cum
562 3710 596 3774 in
619 3729 657 3775 eo
674 3728 799 3788 summa
820 3709 924 3792 posita
945 3707 997 3786 sit,
1020 3700 1104 3787 quod
1130 3696 1287 3786 particula
1308 3695 1353 3757 καί

231 3812 297 3875 eius
321 3811 406 3875 verbi
428 3811 489 3874 vim
513 3797 609 3894 auget
631 3813 719 3879 cuius
742 3811 828 3876 notio
851 3807 1000 3895 epodosis
1023 3805 1139 3871 actioni
1162 3799 1352 3869 contrarium

230 3921 290 3979 est.
335 3910 417 3989 Quid
453 3915 587 3978 sentiam
625 3933 687 3980 uno
724 3911 870 3998 exemplo
906 3907 1137 3994 Aristophaneo
1174 3900 1353 3980 declarabo,

229 4014 422 4102 Lysistratae
858 4006 860 4012 ’

272 4139 317 4186 vs.
340 4120 413 4184 254.
437 4119 523 4206 χώρει
546 4120 669 4207 Δράκης,
694 4120 765 4205 ἠηοῦ
788 4119 888 4203 βάδην,
912 4119 937 4181 εἰ
958 4116 1005 4180 καὶ
1027 4116 1074 4179 τὸν
1098 4112 1180 4210 ιῖιρονΙ
1199 4109 1295 4194 ἀλγεῖς

440 4231 545 4312 κορμοῦ
569 4227 712 4290 τοσουτονὶ
734 4226 822 4314 βάρος
843 4228 962 4315 χλωρᾶς
985 4224 1202 4318 φέροινιέλάάς.
