3082 4664
655 248 865 309 ..35-

199 433 363 519 Utriusque
395 436 516 503 formae
555 433 731 500 differentia
769 455 789 502 a
820 435 986 503 lluehnero
1022 435 1066 521 (p.
1102 435 1180 518 776)
1213 435 1245 501 in
1281 455 1318 502 eo

197 538 334 624 ponitur,
357 538 441 622 quod
463 558 520 624 per
542 540 566 602 ei
588 557 614 603 c.
630 537 694 602 ind.
718 538 774 604 lut.
791 537 843 605 die
863 538 1049 622 Bedingung
1071 538 1118 604 als
1141 540 1192 603 ein
1215 539 1247 604 in
1263 537 1319 604 der

196 641 334 709 Zukunlt
347 642 492 710 wirklich
507 640 729 710 Eintretendes
746 643 930 711 beneiohnet
944 644 1032 729 wird,
1047 663 1105 729 per
1121 642 1170 708 ἐάν
1194 663 1220 709 ο.
1238 645 1319 710 coni.

197 755 303 814 autem
331 748 384 814 die
410 745 596 831 Bedingung
623 747 670 814 als
702 747 773 814 eine
806 747 913 815 solohe
946 753 1068 832 gesetut
1100 746 1189 831 wind,
1223 747 1319 815 deren

197 851 361 918 Eintreten
392 851 425 917 in
458 850 508 916 die
535 851 697 918 wirlrliohe
724 850 943 936 Erscheinung
970 852 1056 921 bloss
1089 872 1319 935 angenommen

198 955 276 1022 oder
298 961 445 1023 erwartet
466 954 555 1023 wird.
601 953 664 1021 Sed
691 956 718 1021 si
747 955 959 1043 discrepantia
986 954 1153 1024 statuenda
1179 962 1235 1040 est,
1263 977 1321 1043 per

199 1061 223 1123 εί
251 1079 278 1125 ο.
307 1057 370 1125 ind.
401 1058 455 1125 lut.
492 1057 712 1126 condicionem
746 1078 865 1125 meram
896 1059 982 1127 nullo
1016 1059 1171 1144 loquentis
1206 1058 1320 1126 affectu

199 1164 394 1251 pronuntiari
416 1183 541 1247 censeo,
557 1183 615 1250 per
636 1164 686 1228 ἐάν
709 1183 735 1230 ο.
751 1164 833 1231 coni.
847 1165 874 1231 is
898 1165 950 1250 qui
972 1163 1117 1249 loquitur,
1133 1168 1320 1250 exspectare

199 1289 233 1336 se
254 1289 322 1335 rem
343 1277 488 1336 eventum
511 1268 687 1335 habituram
709 1289 790 1352 esse,
814 1270 978 1353 signifieat.
1022 1269 1058 1336 ln
1080 1268 1218 1336 Nubium

198 1394 243 1442 vs.
266 1373 338 1440 999.
362 1375 386 1436 εί
407 1369 497 1449 ταῦτ’,
521 1371 545 1435 ὦ
567 1380 717 1462 μειράκιον,
741 1375 826 1438 πείσει
847 1375 948 1460 τούτῳ,
971 1372 1007 1458 νὴ
1029 1373 1077 1438 τὸν
1099 1375 1229 1438 Διόνυσον

384 1486 443 1549 τοῖς
459 1478 658 1567 Ἱπποκράτους
680 1479 761 1544 ὑιέοιν
783 1469 874 1554 εἴξεις.

196 1582 291 1655 ἄδικοι
313 1586 399 1669 λόγος
420 1583 655 1654 adolescentem
679 1586 718 1652 ab
745 1587 819 1654 iusti
846 1583 1014 1671 disciplina
1036 1590 1177 1652 avertere
1203 1582 1320 1651 studet

195 1689 304 1758 Justus
319 1710 392 1758 vero
415 1709 491 1758 suae
514 1688 701 1776 discipliuae
722 1691 869 1758 virtutem
891 1708 936 1756 vs.
962 1689 1045 1753 1009
1068 1689 1114 1756 sie
1139 1688 1319 1774 praedicat:

502 1796 538 1878 ἡν
560 1801 650 1858 ταῦτα
670 1797 763 1880 ποιῇς,
789 1794 849 1879 c‘qb
872 1799 988 1882 φράζοι,

383 1902 476 1965 1111.
500 1893 574 1975 ἕξεις
595 1901 639 1964 ἀεί
660 1901 770 1986 στῆθος
791 1903 917 1989 λιπαρόν.

281 2002 466 2089 Priusquam
494 2007 598 2072 varias
624 2005 772 2092 epodosis
794 2006 911 2072 formas
934 2001 1193 2088 contemplemur,
1221 2020 1318 2066 unum

196 2107 376 2193 exemplum
411 2128 659 2176 commemorare
691 2109 809 2195 placet,
842 2109 875 2175 in
908 2123 968 2192 quo
995 2106 1032 2191 ἥν
1059 2104 1216 2191 particula
1248 2124 1319 2170 oum

195 2214 393 2280 coniunctiro
421 2214 529 2282 iuncta
554 2219 651 2300 poeta
676 2233 751 2282 usus
781 2218 829 2280 est
856 2211 896 2279 de
923 2232 968 2295 re,
991 2231 1084 2295 quam
1112 2208 1197 2276 nullo
1225 2208 1319 2276 modo

196 2316 264 2380 fieri
285 2319 424 2402 potuisse
447 2323 560 2404 sponte
583 2325 686 2404 patet:

198 2416 255 2482 Au.
279 2439 323 2484 vs.
348 2421 439 2488 1073.
462 2424 497 2507 ἢν
521 2424 671 2505 ἀποκτείνῃ
693 2444 734 2492 τις
756 2419 834 2505 ὑμῶν
857 2422 994 2509 Διαγόραν
1015 2419 1063 2482 τὸν
1085 2416 1200 2502 Μήλιον

463 2527 617 2613 λαμβάνειν
639 2530 790 2606 τάλαντον,
812 2530 849 2614 ἠν
871 2534 979 2592 τετῶν
1002 2530 1144 2613 τυράννοιν
1166 2525 1208 2595 τίς
1229 2544 1289 2587 τινα

464 2639 520 2697 τῶν
541 2636 721 2719 τεθνηκότων
744 2635 904 2719 ἀποκτείνῃ,
927 2633 1066 2698 τάλαντον
1088 2629 1252 2715 λαμβάνειν.

198 2732 288 2811 Quod
310 2735 435 2820 saepius
450 2737 737 2824 animadvertimus,
752 2741 854 2807 ironia
868 2744 1059 2806 commotum
1074 2735 1318 2822 Aristophanem

197 2837 378 2903 inusitatam
413 2840 577 2907 verborum
603 2844 867 2912 constructionem
900 2842 1092 2924 adhibuisse,
1121 2841 1171 2906 cui
1201 2840 1319 2924 absque

197 2941 298 3008 ironia
319 2941 408 3009 locus
434 2963 497 3010 ncn
520 2951 597 3028 erat,
625 2952 718 3030 atque
740 2966 778 3013 eo
802 2946 945 3013 acerbius
966 2944 1130 3014 hominum
1154 2944 1319 3012 stultitiam

196 3046 385 3129 exagitasse,
408 3047 503 3112 etiam
525 3048 558 3113 in
575 3047 657 3116 hunc
672 3050 776 3117 locum
792 3049 886 3116 cadit.
921 3047 1063 3134 Namque
1078 3048 1318 3116 Atheniensium

194 3149 462 3233 promulgationes
485 3149 525 3216 de
548 3149 798 3238 Hermocopidis,
815 3153 923 3237 quales
935 3157 1012 3219 tunc
1023 3152 1174 3237 temporis
1186 3150 1318 3217 Athenis

195 3252 354 3337 vigebant,
380 3260 446 3320 tam
468 3254 572 3322 irritas
596 3275 666 3322 esse
689 3253 775 3339 dicit,
799 3258 942 3340 quamsi
966 3256 1033 3340 quis
1060 3255 1123 3322 tale
1147 3253 1223 3339 quid
1244 3274 1319 3340 prc-

197 3355 367 3422 nuntiaret:
402 3357 524 3441 siquis
557 3366 750 3424 mortuorum
784 3364 989 3445 tyrannorum
1022 3357 1318 3443 (Pisistratidarum)

198 3458 375 3543 quempiam
396 3458 531 3543 occidat,
554 3460 707 3526 talentum
731 3463 876 3549 accipiat,
905 3463 955 3530 cui
981 3462 1187 3549 praeconium
1214 3462 1318 3528 avium

197 3558 295 3626 multo
323 3560 519 3645 splendidius
542 3562 697 3647 opposuit.

282 3660 349 3728 lam
381 3661 422 3728 ad
455 3663 603 3758 apcdosis
636 3666 753 3734 formas
787 3673 971 3754 perventum
1005 3675 1064 3749 est,
1091 3669 1231 3751 quaein
1259 3667 1319 3736 hoo

196 3767 428 3834 enuntiatorum
451 3767 714 3836 condicionalium
736 3789 851 3855 genere
874 3790 938 3837 non
959 3776 1049 3836 tanta
1070 3771 1224 3838 varietate
1247 3778 1320 3840 sunt

195 3877 313 3954 quanta
346 3870 379 3934 in
412 3872 525 3955 priore.
581 3870 628 3940 Ne
661 3876 797 3960 protasis
830 3881 862 3940 et
895 3873 1044 3960 apcdosis
1078 3874 1318 3942 collocationem

196 3974 309 4058 ubique
342 3971 484 4040 indicare
517 3995 621 4060 cogar,
654 3977 715 4045 hoc
747 3978 817 4044 lcco
853 3977 981 4062 adnotq
1015 3997 1109 4063 quam
1145 3977 1318 4061 legitimam

194 4077 407 4144 membrorum
423 4077 662 4147 collocationem
682 4099 753 4147 esse
768 4080 914 4165 diximus,
930 4088 964 4148 ut
977 4078 1151 4167 praecedet
1171 4082 1317 4167 protasis,

196 4180 342 4265 apcdosis
370 4180 456 4247 illam
485 4189 643 4269 sequatur,
665 4183 850 4268 plerumque
884 4191 1039 4254 servatam
1073 4204 1166 4316 essa·
1189 4183 1223 4252 Si
1244 4205 1317 4271 par·

1130 4286 1148 4340 3
