3082 4664
664 292 886 372 .-4-

229 479 268 564 (εἰ
289 477 432 567 παρείην),
455 475 619 544 modorum
645 477 796 551 varietate
823 475 1007 562 quibuscum
1029 476 1053 540 εὶ
1075 478 1275 544 coniunctum
1301 479 1352 543 est

228 589 404 650 excusatur.
439 580 518 650 Cum
535 581 724 647 adiectivnm
739 579 987 666 praedicativum
1006 581 1039 648 in
1054 581 1166 648 ceteris
1181 580 1349 647 enuntiatis

229 685 439 772 hypotheticis
462 683 681 774 adamaverint
696 681 820 766 Gracci,
836 683 1054 769 Aristophanis
1070 703 1167 750 unum
1184 690 1350 769 praeterea

227 775 405 858 huiusmodi
428 787 607 874 exemplum
629 786 663 852 in
684 787 830 852 manibus
853 795 902 853 est
1276 791 1280 800 '
1305 815 1307 820 ·

269 893 343 982 Lyd.
367 915 412 962 vs.
436 895 528 960 1111.
552 889 622 956 ἀλλ’
645 890 707 977 οὐχὶ
728 891 855 978 pelenda
877 892 1002 980 τοῦργον,
1025 894 1049 955 εἰ
1063 892 1147 976 λάβοι
1162 896 1193 977 γε’
1207 914 1248 963 τις

193 1064 195 1070 ,
548 998 690 1083 ὀργῶντας
712 996 855 1080 ἀλλήλων
872 1018 908 1086 Ιτε
931 997 972 1082 μὴ
998 997 1223 1085 ’πειρωμένους

225 1100 262 1169 ln
283 1099 370 1169 Eccl.
394 1120 438 1168 vs.
462 1101 534 1182 644,
558 1119 651 1185 quem
673 1120 769 1188 supra
786 1101 1020 1187 adscripsimus,
1034 1102 1188 1188 particula
1210 1103 1244 1185 εἰ,
1267 1101 1350 1186 quod

226 1206 259 1272 in
292 1206 385 1272 rebus
403 1205 529 1272 ’futuris
564 1205 771 1292 depingendis
801 1212 942 1273 versatur
964 1217 1072 1292 poeta,
1100 1207 1260 1292 propriam
1286 1192 1349 1271 vim

225 1309 351 1378 retinet
375 1385 376 1388 γ
396 1307 638 1376 Enuntiatcrum
661 1308 925 1376 condicionalium
947 1309 1037 1376 huius
1059 1295 1183 1375 formae*
1199 1329 1291 1374 usum
1305 1309 1352 1373 ita

226 1411 496 1493 collocaverimus
511 1431 582 1477 eam
598 1411 742 1478 adhiberi
758 1412 856 1502 dicas,
873 1413 984 1496 siquis
1006 1411 1092 1478 nullo
1115 1413 1213 1478 animi
1235 1410 1349 1478 affectu

227 1520 281 1581 aut
302 1514 390 1580 nulla
411 1513 541 1580 effectus
565 1516 686 1582 ratione
708 1515 904 1598 habitarem
931 1521 1038 1600 ponat,
1060 1521 1095 1580 ut
1121 1515 1252 1581 alteram
1273 1514 1349 1581 inde

224 1615 292 1684 fieri
314 1616 491 1684 concludat.
697 1689 699 1694 ,

310 1717 399 1786 Nova
432 1719 574 1796 eiusdem
607 1722 732 1804 generis
765 1722 888 1807 specics
925 1722 1110 1806 imperativo
1142 1708 1180 1785 ¹in
1202 1717 1349 1806 ‘apodosi

227 1821 381 1892 collocato
404 1823 545 1890 efficitur.
590 1823 659 1890 Uno
682 1824 762 1908 loco,
786 1821 922 1890 Nubium
945 1845 989 1890 vs.
1010 1826 1052 1887 -11
1076 1824 1255 1909 imperativi
1281 1824 1349 1890 vice

228 1925 368 2008 fungitur
400 1927 616 1994 coniunctivus
649 1925 878 1992 adhortativus:
924 1928 987 1990 ἀλλ’
1028 1928 1052 1990 εἰ
1085 1928 1169 2003 δοκεῖ,
1203 1929 1349 2012 pericopae

229 2031 475 2118 ἐγκεκαλυμμένοι.
533 2029 573 2097 Ut
609 2051 704 2117 supra
740 2032 892 2116 protasim
928 2032 1081 2118 praeponi
1118 2032 1242 2098 solitam
1279 2051 1348 2098 esse

227 2135 374 2216 vidimus,
406 2137 451 2201 ita
484 2133 534 2201 hio
568 2155 690 2220 quoque
723 2135 882 2218 aliquanto
916 2137 1018 2203 maior
1051 2143 1100 2202 est
1132 2135 1348 2221 exemplorum

225 2258 384 2320 numerus,
396 2239 429 2304 in
440 2237 551 2322 quibus
564 2239 700 2323 protasis
711 2237 876 2324 praecedit
892 2239 1034 2324 apcdosi.
1059 2237 1138 2303 Cum
1150 2237 1347 2320 undeviginti

224 2339 302 2406 locis
324 2341 459 2426 protasis
482 2347 630 2423 sequatur
645 2339 819 2426 epodosim,
835 2341 947 2423 viginti
962 2347 1033 2406 octo
1056 2340 1135 2406 locis
1158 2339 1237 2405 haec
1259 2339 1346 2405 illam

224 2443 353 2528 excipit.
382 2441 536 2519 Quoniam
551 2429 722 2508 discrimen
737 2441 820 2526 quod
835 2443 919 2508 inter
933 2443 1153 2527 imperativum
1169 2443 1346 2528 praesentis

225 2552 256 2616 et
288 2545 396 2612 aoristi
426 2546 593 2611 intercedit
619 2545 785 2611 leviculum
819 2551 883 2629 est,
920 2552 1085 2630 utrumque
1119 2547 1345 2629 coniungimus.

224 2647 429 2714 Grammatici
453 2647 529 2714 inde
555 2648 595 2713 ab
622 2647 813 2730 Hermanno,
842 2647 916 2732 quid
938 2648 985 2730 ad
1012 2667 1139 2716 sensum
1165 2650 1289 2730 referat,
1318 2649 1345 2714 si

223 2752 347 2834 legatur
367 2751 572 2836 imperativus
599 2758 654 2816 aut
680 2737 859 2836 praesentis
887 2757 941 2816 aut
968 2752 1085 2832 aoristi,
1108 2753 1190 2816 inter
1217 2771 1252 2818 se
1279 2750 1344 2817 dis-

225 2845 364 2939 crepant.
398 2852 597 2919 Hermannus
619 2852 661 2918 ad
684 2852 832 2936 Vigerum
854 2874 885 2939 p.
902 2855 963 2916 747
985 2852 1049 2936 (ed.
1066 2851 1133 2938 IV.)
1156 2856 1202 2920 sic
1224 2855 1361 2940 statuitt'

225 2954 398 3042 „Praesens
425 2964 458 3021 et
482 2956 615 3022 acristus
644 2957 677 3022 in
705 2957 837 3022 caeteris
860 2964 986 3041 praeter
1011 2955 1216 3021 indicativum
1243 2946 1345 3022 modis

119 3127 123 3138 ,
223 3079 260 3126 eo
283 3060 420 3127 maxime
443 3058 599 3142 differunt,
622 3058 706 3142 quod
728 3079 877 3144 praesens
898 3080 965 3124 rem
981 3058 1096 3124 diutius
1113 3058 1279 3124 durantem
1296 3059 1346 3124 vel

223 3163 350 3248 saepius
378 3163 553 3247 repetitam,
581 3163 714 3228 aoristus
742 3183 808 3228 rem
836 3163 920 3228 brevi
949 3163 1124 3232 absolutam
1159 3170 1213 3228 aut
1245 3161 1345 3228 semel
1416 3179 1420 3196 ’

221 3267 338 3333 factam
365 3265 494 3331 indicat.
543 3262 653 3350 Inepte
682 3265 769 3360 dicas
795 3269 901 3354 γράψον
931 3265 1036 3350 βίβλον,
1073 3265 1232 3350 quiahoc
1259 3265 1345 3348 longi
1443 3355 1444 3358 γ

221 3371 372 3456 temporis
400 3390 478 3455 opus
506 3377 566 3436 est:
594 3376 678 3436 recte
706 3391 778 3436 vero
805 3372 853 3441 ab<
882 3371 934 3456 τὴν
948 3375 1043 3459 pepo
1072 3370 1229 3454 quiahoc
1258 3370 1343 3436 brevi

221 3475 372 3560 temporis
409 3481 567 3540 momento
604 3474 668 3539 fit.“
718 3473 809 3540 Hanc
846 3475 1059 3542 definitionem
1095 3481 1221 3560 praeter
1265 3473 1343 3539 alios

223 3575 399 3658 Madvigius
414 3577 446 3641 in
460 3576 591 3662 Syntaxi
606 3596 721 3660 graeca
737 3576 782 3663 (p.
797 3579 874 3661 176)
890 3579 1055 3664 amplexus
1071 3585 1128 3643 est.
1153 3577 1344 3659 AKrucgeri

221 3679 377 3746 sententia
398 3682 455 3762 (gr.
479 3679 686 3765 Sprachlchre
708 3679 758 3746 cd.
781 3684 810 3744 4.
827 3701 857 3766 ρ.
876 3681 966 3764 177);
991 3680 1075 3763 „Der
1096 3677 1265 3765 Imperativ
1288 3679 1343 3744 des

221 3784 329 3850 Aorist
349 3783 390 3848 ist
411 3783 606 3864 gevohnlicb
627 3785 702 3850 zeit-
717 3782 782 3848 und
805 3784 960 3866 dauerlos,
977 3783 1034 3850 das
1057 3784 1161 3850 blosse
1177 3783 1344 3848 'Eintretcn

222 3884 279 3952 der
301 3884 471 3967 Handlung
494 3885 717 3967 bezeichncnd,
739 3884 890 3968 wahrend
918 3887 998 3952 eben
1026 3886 1130 3953 dieser
1152 3884 1264 3951 Modus
1287 3883 1343 3949 des

221 3987 375 4056 Praesens
408 3989 460 4053 ein
492 3987 732 4054 zustandliches
766 3987 956 4054 ausdriuokt“
990 4009 1053 4055 non
1080 3989 1212 4054 multum
1239 3985 1344 4054 differt

107 4081 110 4087 '
221 4090 317 4158 Curtii
341 4090 409 4176 (Gr.
434 4090 575 4174 Schulgr.
601 4092 649 4156 12.
667 4091 766 4174 Auflg.
792 4093 874 4156 1878
890 4112 921 4177 p.
937 4092 1027 4172 atel:
1055 4091 1114 4160 Die
1137 4090 1342 4159 aoristischen

218 4193 356 4264 Formen
379 4195 472 4278 (coni.
497 4203 560 4280 opt.
584 4196 658 4280 imp.
684 4195 752 4278 inf.)
777 4195 966 4260 bezeichnen
989 4196 1079 4262 mehr
1106 4193 1341 4261 eine'einnelne
