3082 4664
641 297 851 358 „55..

176 485 231 549 ubi
256 485 369 550 iterum
393 485 489 549 verba
511 485 546 568 ἤν
569 487 674 567 ἀμείνω
689 483 714 567 μ’
728 487 871 569 εἰσενέγκω
894 490 950 546 των
972 485 1117 569 παρόντων
1133 491 1305 570 πραγμάτων

175 596 327 684 tempore,
338 578 597 675 praegrediuntur
611 588 674 680 illis
695 591 719 654 εἰ
732 587 758 655 δ’
771 588 827 674 ἐμω
842 588 920 674 γονὴ·
933 589 1053 676 πέφυκα.
1088 586 1305 671 Coniungendi

176 702 253 760 sunt
276 695 307 759 iu
330 692 389 760 hoo
411 714 527 777 genere

175 796 258 882 Equ.
283 817 326 863 vs.
352 798 425 886 694.
449 799 473 861 εἰ
494 797 535 882 μὴ
558 795 585 861 σ’
599 798 777 882 ἀπολέσαιμ’,
795 799 820 862 εἷ
841 821 865 863 τι
886 805 943 862 των
965 795 1058 862 αὐτῶν
1079 797 1142 882 ἐμοὶ

378 980 379 983 ¹
450 905 559 990 penditur
582 903 666 987 ἐνείη,
689 905 842 988 διαπέσοιμι
855 903 997 989 πανταχῆ.

175 1006 278 1073 slTlr.
291 1027 335 1075 vs.
352 1008 425 1073 926.
449 1009 480 1072 οὐ
502 1011 557 1097 qdp
578 1009 717 1098 προδώσω
740 1010 871 1074 οὐδέποτέ
892 1006 931 1091 σ’,
953 1009 1042 1097 ἤνπερ
1064 1007 1185 1092 ἐμπνέω,

326 1159 329 1166 -
445 1117 481 1201 ὴν
502 1114 545 1200 μὴ
566 1113 722 1204 προλίπωσ’
735 1118 763 1178 αἱ
785 1117 878 1205 μυρίαι
900 1137 935 1199 με
957 1115 1092 1201 μηχαναί.
1130 1113 1135 1128 ’

173 1216 317 1302 Utroque
338 1218 408 1285 loco
426 1220 636 1302 ,gravissimae
664 1221 906 1288 asseverationis
933 1219 1112 1305 exemplum
1141 1217 1302 1299 habemus,

173 1320 242 1387 illic
267 1319 489 1407 Paphlagonis,
523 1323 586 1407 qui,
608 1323 636 1390 si
658 1321 733 1408 quid
765 1325 798 1389 in
831 1343 866 1390 se
893 1331 1031 1389 veterum
1067 1320 1301 1388 mendaciorum

173 1424 263 1508 insit,
286 1444 321 1490 se
344 1422 533 1491 intercidere
555 1425 636 1494 velle
658 1427 749 1508 iurat,
765 1427 791 1493 si
808 1425 1034 1511 allantopolam
1052 1443 1114 1490 non
1129 1422 1302 1510 disperdat,

173 1527 227 1594 hic
250 1526 421 1613 Euripidis,
445 1528 497 1613 qui
519 1525 748 1595 Mnesilochum
772 1549 930 1613 nunquam
954 1548 989 1595 se
1011 1527 1207 1615 proditurum
1231 1547 1301 1594 esse
1368 1573 1372 1582 ·

173 1629 325 1713 affirmat,
348 1631 375 1697 si
397 1629 492 1698 modo
520 1629 690 1717 quidquam
719 1633 751 1698 in
779 1651 815 1699 sc
837 1631 973 1697 futurum
996 1632 1037 1698 sit
1059 1632 1151 1714 ritae,
1174 1631 1201 1698 si
1224 1651 1300 1698 con·
1350 1619 1353 1631 ’

173 1735 257 1802 susti
282 1733 348 1801 doli
369 1753 404 1801 se
427 1755 489 1802 non
513 1734 695 1802 destituant.
740 1735 844 1820 Atque
867 1736 900 1802 in
922 1733 1070 1821 Equitum
1095 1734 1235 1802 versibus
1258 1755 1299 1801 ex

171 1838 316 1926 optativo
329 1839 483 1925 διαπέσοιμι
495 1838 727 1908 conditionalia
741 1839 905 1906 enuntiata
916 1837 1043 1906 modum
1056 1839 1189 1905 traxisse
1202 1857 1298 1924 supra

171 1942 321 2026 vidimus.
368 1944 446 2012 Gom
470 1951 570 2013 toturn
594 1945 770 2012 sententiae
792 1945 916 2032 pondus
938 1947 970 2011 in
992 1944 1148 2011 vincendo
1162 1943 1299 2010 isiciario

171 2048 313 2132 positum
336 2049 376 2114 sit
397 2049 557 2134 primitiva
579 2049 805 2116 exsecrationis
833 2049 934 2115 forma
961 2054 1044 2115 erat:
1079 2050 1165 2133 εἰμὴ
1188 2049 1297 2113 σ’ἀπο-

170 2154 295 2239 λέσαιμι,
322 2155 476 2238 διαπέσοιμι
498 2170 563 2218 non
576 2153 609 2218 el
629 2176 654 2218 rr
680 2160 737 2218 των
760 2153 853 2218 αὐτῶν
880 2154 943 2240 ἐμοὶ
976 2155 1085 2241 ψευδῶν
1119 2153 1203 2239 ἐνείη,
1238 2156 1296 2219 δια-

169 2263 289 2345 πέσοιμι.
334 2257 405 2326 Non
433 2258 570 2325 dubium·
590 2267 647 2341 est,
674 2259 748 2343 quin
777 2257 922 2326 condicio
950 2261 974 2324 εἴ
995 2265 1097 2324 τιτῶν
1121 2260 1214 2324 αὐτῶν
1236 2261 1298 2345 ἐμοὶ

169 2367 281 2452 ψευδῶν
303 2366 378 2451 ἐνείη
400 2365 490 2431 alteri
514 2364 655 2431 subiecta
677 2366 727 2447 sit,
758 2385 851 2449 quam
875 2365 1028 2433 rationem
1057 2370 1178 2432 mutata
1200 2367 1297 2433 collo-

169 2471 295 2568 catione
317 2470 473 2537 illustrare
495 2470 579 2537 licet.
618 2467 665 2534 De
688 2470 786 2536 altero
810 2469 1201 2556 Thesmophoriazusarum
1223 2471 1292 2538 loco

169 2572 255 2640 haud
277 2573 361 2646 facili
390 2574 515 2656 negotio
542 2572 673 2639 iudicari
700 2581 813 2658 potest
859 2570 939 2638 Nam
968 2593 1039 2638 com
1068 2582 1196 2658 utraque
1223 2593 1295 2660 pro-

93 2741 97 2750 ,
168 2677 249 2744 tausis
271 2698 328 2763 per
350 2697 385 2743 se
408 2697 479 2742 cum
503 2674 633 2762 epodosi
656 2676 823 2743 coniuncta
838 2683 944 2762 aptam
968 2676 1156 2742 sententiam
1179 2677 1211 2742 in
1234 2698 1295 2762 qua

54 2811 56 2816 ·
170 2780 248 2847 nihil
272 2780 466 2846 desideretur
488 2779 616 2862 efficiat,
645 2778 740 2865 priori
770 2777 905 2865 duplicis
931 2780 1067 2866 protasis
1094 2779 1295 2866 generique

169 2884 270 2949 altera
285 2883 421 2968 protasis
436 2883 623 2949 senteutiam
640 2882 830 2966 generalem,
847 2881 947 2948 altera
962 2882 1152 2965 singularem
1168 2883 1294 2966 evolvit,

169 3005 277 3052 versus
300 2985 498 3052 adnumerari
522 2985 609 3051 velis.
656 2984 850 3068 Quamquam
879 2984 952 3054 huic
979 2987 1120 3073 opinioni
1147 3005 1203 3052 suo
1225 2983 1293 3052 iure

169 3089 356 3176 adstipulari
386 3103 573 3174 quemquam
606 3108 668 3155 non
700 3087 890 3171 negaverim,
924 3096 1031 3156 tamen
1060 3087 1138 3155 illud
1171 3108 1293 3175 quoque

168 3192 406 3259 concedendum
436 3200 493 3272 est,
517 3193 614 3259 verba
640 3191 730 3280 ἥνπερ
751 3191 864 3288 ἐμπνέω
887 3191 979 3259 alteri
1007 3193 1123 3278 protasi
1147 3192 1292 3275 subiungi

111 3341 113 3346 ,
166 3315 270 3383 posse.

254 3399 294 3467 Ut
321 3402 486 3474 enuntiata
512 3402 697 3467 concessiva
724 3420 796 3467 cum
824 3401 992 3468 enuntiatis
1025 3399 1292 3467 conditionalibus

168 3523 294 3588 sempor
322 3525 385 3571 una
413 3503 625 3586 tractavimus,
648 3505 693 3570 ita
720 3503 751 3569 in
781 3503 840 3571 hoo
863 3523 986 3589 quoquo
1008 3523 1123 3586 genere
1147 3503 1293 3589 exempla

126 3595 128 3600 ’
168 3607 199 3671 iu
234 3607 345 3690 quibus
371 3608 471 3674 altera
503 3607 638 3693 protasis
668 3605 879 3694 hypothetica,
906 3607 1007 3674 altera
1035 3607 1218 3674 concessiva
1244 3616 1292 3672 ost

168 3729 229 3776 non
253 3711 502 3794 praeteribimus.
546 3708 716 3796 Utriusque
743 3710 878 3797 protasis
907 3710 988 3777 ratio
1016 3729 1055 3776 ea
1081 3719 1139 3794 est,
1162 3717 1196 3777 ut
1219 3730 1291 3796 pro·

166 3815 242 3888 tusis
266 3815 458 3898 concessiva,
482 3816 599 3902 quippe
622 3835 702 3900 quae
725 3813 901 3881 sententiae
930 3834 988 3900 per
1014 3835 1048 3882 se
1069 3805 1291 3901 pronuntiatas

166 3937 278 3984 novam
303 3917 424 3985 adferat
445 3920 686 4003 restrictionem,
713 3917 829 4003 ubique
852 3916 1061 3986 condicionali
1084 3919 1225 3986 subiecta
1240 3919 1289 3992 sit.

166 4017 202 4094 N.
226 4042 271 4091 vs.
295 4023 355 4091 591
380 4042 447 4111 sqq.
470 4020 507 4090 V.
532 4042 576 4089 rs.
602 4022 663 4090 653
687 4041 733 4107 sq.
756 4041 801 4088 rs.
827 4021 908 4087 1071
932 4043 998 4110 sqq.

622 4210 827 4236 WNWWVV
