3082 4664
645 316 687 326 -
731 280 770 343 31
817 249 867 328 -’

187 475 375 566 particulae,
393 473 443 537 ἐάν
477 474 693 547 numerantur3
727 469 829 534 maior
862 469 945 534 foret
977 488 1125 535 numerus
1160 467 1313 550 locorum,

189 583 298 666 quihus
312 582 348 666 ἤν
361 580 529 660 invenitur,
541 577 566 641 si
579 565 783 660 periodorum
794 574 1058 641 conditionalium
1071 571 1315 660 unumquodque

189 688 364 753 membrum
387 686 421 750 in
445 681 711 767 cornputationem
735 679 929 763 vocaremus,
948 685 981 744 ut
1003 679 1139 763 exempli
1164 697 1261 744 eausa
1276 699 1314 743 ex

188 791 275 860 Eccl.
299 811 345 856 vs.
369 789 444 854 799:

228 975 232 982 ,
265 893 320 958 Vir
340 890 354 957 Ι
376 891 503 966 οἴσουσιν,
529 888 552 952 ὦ
575 898 635 952 τᾶν.
662 886 717 952 Vir
739 885 775 952 ΙΙ.
800 890 836 974 ἢν
859 886 890 952 δὲ
914 887 954 972 μὴ
978 887 1124 969 κομίσωσι,
1148 889 1190 967 τί;

266 997 320 1062 Vir
342 995 356 1061 Ι
378 997 486 1081 ἀμέλει,
509 1000 659 1079 κομιοῦσιν.
686 993 741 1058 Vir
763 993 798 1058 ΙΙ.
825 995 843 1078 ἢ
867 992 898 1056 δὲ
922 994 1083 1067 κωλύσωσι,
1107 995 1148 1073 τί;

194 1135 198 1145 ·
266 1103 319 1169 Vir
340 1101 353 1167 Ι
375 1099 535 1190 μαχούμεθ’
559 1101 661 1171 αὐτοῖς.
688 1099 742 1164 Vir
764 1097 800 1166 ΙΙ.
824 1101 860 1184 ἢν
883 1098 913 1162 δὲ
936 1101 1076 1187 κρείττους
1099 1097 1160 1171 dour,
1184 1097 1225 1177 τί;

267 1207 321 1273 Vir
342 1208 356 1274 Ι
378 1207 471 1292 ἄπειμ’
496 1209 593 1278 ἐάσας.
620 1205 673 1271 Vir
695 1203 732 1270 ΙΙ.
756 1207 791 1290 ἢν
814 1204 845 1268 δὲ
869 1203 987 1267 πωλὼσ’
1012 1205 1093 1280 αὐτοὶ,
1119 1205 1189 1284 τί;’
1262 1255 1264 1260 .

268 1313 321 1378 Vir
342 1311 355 1380 Ι
377 1316 563 1405 διαρραγείης.
590 1311 644 1376 Vir
665 1309 702 1377 ΙΙ.
727 1297 925 1398 ῆνοιαρραμῑ)
949 1310 988 1387 δὲ,
1013 1312 1052 1389 τί;

192 1420 327 1503 quinque
343 1421 520 1506 particulae
535 1420 571 1502 ἦν
586 1419 646 1484 1οοί
670 1417 771 1501 promi
795 1425 935 1500 possunt.
980 1415 1201 1500 Exemplorum
1225 1415 1317 1496 ratio,
1419 1406 1426 1432 ”

193 1522 220 1588 si
242 1523 408 1588 numerum
439 1530 628 1609 spectamus,
653 1523 684 1584 in
712 1519 857 1585 omnihus
884 1517 1056 1584 comoediis
1084 1525 1205 1584 tantum
1229 1517 1318 1584 abest

153 1680 156 1686 .
190 1631 225 1690 ut
245 1644 304 1710 par
327 1626 377 1707 sit,
401 1633 436 1691 ut
457 1624 678 1711 progrediente
702 1629 804 1687 aetate
833 1633 946 1707 poetae
974 1642 1117 1688 crescere
1139 1621 1259 1688 formae
1282 1623 1317 1706 lp

145 1803 152 1820 ¹
191 1727 353 1795 adhibitae
376 1731 523 1816 exempla
545 1727 794 1795 animadvertere
817 1727 920 1794 liceat.
958 1725 1020 1792 Per
1042 1728 1173 1809 triginta
1195 1737 1315 1812 septem

193 1851 294 1898 annos
309 1833 527 1918 Aristophanis
541 1830 732 1913 comoediae,
750 1851 829 1914 quae
845 1829 972 1915 quidem
987 1837 1124 1912 exstant,
1141 1833 1172 1895 in
1189 1851 1317 1898 scenam

195 1925 353 2001 demissae
376 1943 459 2017 sunt,
484 1956 586 2019 neque
612 1936 775 2019 quisquam
803 1934 864 2001 hoc
891 1935 994 2020 spatio
1016 1934 1085 2000 lieri
1108 1935 1256 2019 potuisse,
1286 1942 1319 1999 ut
1417 1943 1419 1948 '

193 2040 444 2104 sermonis'usus
472 2041 618 2122 variaret,
641 2039 812 2121 negaverit.
857 2037 890 2104 Si
913 2038 981 2122 quis
1009 2037 1094 2123 apud
1122 2038 1200 2104 alios
1227 2038 1320 2104 huius·

193 2141 311 2208 saeculi
334 2142 503 2227 scriptores
526 2140 659 2208 eandem
682 2142 835 2208 rationem
856 2140 1057 2208 statuendam
1077 2161 1146 2207 esse
1167 2141 1318 2224 docuerit,
1350 2163 1352 2169 ·

196 2243 413 2336 confidentius,
428 2266 520 2330 quam
546 2267 627 2312 nunc
655 2246 695 2312 de
721 2235 891 2322 formarum
912 2246 963 2308 ἐάν
986 2254 1018 2312 et
1039 2248 1075 2330 ἥν
1098 2266 1154 2311 usu
1178 2243 1333 2318 iudicare,

188 2348 376 2434 [poterimus.
422 2349 486 2417 Sed
509 2359 544 2416 ut
565 2351 703 2416 numeris
726 2370 830 2416 meam
847 2352 1034 2416 sententiam
1051 2350 1221 2432 stabiliam,
1238 2348 1318 2416 duas

194 2451 314 2536 priores
336 2452 468 2534 fabulas,
484 2453 706 2520 Acharnenses
723 2461 754 2520 et
769 2451 898 2538 Equites
914 2456 954 2534 (a.
970 2455 1033 2517 425
1055 2462 1087 2519 et
1107 2455 1171 2516 424
1190 2474 1217 2519 a.
1236 2452 1271 2518 C.
1288 2475 1317 2517 n.

195 2554 300 2636 actas)
316 2573 387 2620 cum
403 2555 530 2639 ultimis,
546 2557 774 2624 Ecclesiacusis
790 2563 821 2621 et
836 2555 926 2621 Pluto
944 2551 1040 2637 (anno
1057 2557 1130 2638 389,
1146 2555 1317 2622 secundnm

194 2656 371 2739 Goetiium,
399 2665 431 2723 et
459 2679 489 2724 a.
512 2660 572 2723 388
601 2659 706 2743 aetas)
740 2658 940 2743 comparabo.
996 2657 1031 2724 ln
1064 2658 1319 2725 Acharoensihus

195 2762 246 2824 ἐάν
268 2782 325 2828 sex
346 2761 426 2828 locis
455 2761 600 2845 hahetur,
622 2763 724 2829 forma
745 2763 781 2848 ἤν
804 2762 1053 2845 quinque'loois.
1097 2761 1132 2828 In
1155 2761 1319 2847 Equitihus

197 2886 344 2956 numerus
368 2867 598 2934 enuntiatorum
621 2868 661 2934 ah
683 2867 733 2931 ἐάν
756 2874 787 2934 et
808 2865 846 2951 ἥν
869 2867 1087 2953 incipientium
1111 2867 1208 2933 altero
1232 2874 1319 2933 tanto

198 2971 298 3037 maior
309 2978 367 3053 est,
379 2970 436 3037 sed
448 2990 556 3036 eorum
573 2972 651 3037 ratio
667 2973 825 3039 contraria
840 2977 890 3038 est
901 2978 996 3056 atque
1006 2973 1039 3038 in
1051 2971 1330 3054 Acharnensihus,

196 3074 307 3141 decem
322 3075 401 3142 locis
417 3076 476 3151 ἐάν,
494 3074 660 3162 duodecim
682 3079 719 3163 ἦν
741 3074 884 3143 traditur.
921 3075 1055 3142 Formae
1078 3077 1113 3160 ἤν
1136 3097 1210 3142 usus
1225 3075 1319 3158 longe

188 3180 361 3268 ¹praevalet
387 3181 420 3246 in
443 3179 670 3249 Ecclesiaausis
697 3190 732 3247 ut
759 3202 799 3247 ex
826 3180 1034 3265 quadraginta
1060 3189 1205 3265 quattuor
1231 3181 1319 3263 locis,

196 3282 317 3350 duobus
339 3291 462 3351 tantum
479 3284 528 3348 ἐάν
544 3291 672 3371 aposta
693 3283 835 3351 adhibita
850 3286 899 3367 sit,
916 3269 986 3352 oum
1009 3305 1049 3350 ex
1068 3285 1318 3351 Acharnensinm

196 3387 315 3452 ratione
336 3389 447 3472 uiginti
471 3396 617 3474 quattuor
638 3389 716 3455 locis
739 3388 788 3452 ἐάν
804 3388 886 3454 tradi
902 3389 1142 3474 exspectaveris
1177 3387 1212 3453 ln
1228 3389 1319 3455 Pluto

197 3487 332 3573 denique
354 3493 445 3559 annis
468 3493 578 3577 viginti
600 3501 673 3580 post
693 3495 829 3579 primam
852 3495 1011 3561 actionem
1038 3498 1208 3560 retractata
1235 3493 1318 3577 quod

197 3591 307 3659 decem
334 3594 411 3662 locis
434 3597 493 3672 ἐάν,
523 3597 631 3681 viginti
658 3596 779 3664 duobus
806 3599 842 3683 ἦν
866 3597 1016 3682 scriptum
1045 3605 1102 3679 est,
1126 3617 1188 3663 non
1211 3585 1319 3664 'minus

196 3697 447 3767 adfirmandum
469 3708 612 3771 nostram
634 3703 806 3789 opiniorem
831 3703 925 3785 ualet,
947 3702 1133 3787 praesertim
1161 3722 1232 3768 cum
1256 3722 1319 3769 non

194 3808 283 3868 recta
305 3803 356 3869 via
378 3808 531 3874 sermonis
553 3807 673 3874 formae
695 3806 867 3875 admodum
890 3825 983 3891 pares
1006 3805 1254 3889 eliminentur.*)

195 3925 400 3937 ———

274 3975 307 4044 ·*)
331 3973 412 4031 Haec
439 3978 609 4049 scripseram,
638 3995 700 4034 cum
722 3977 877 4033 confirmari
900 3975 988 4030 meam
1015 3977 1180 4030 sententiam
1198 3975 1320 4030 riderem

197 4061 361 4128 tragicorum
380 4076 444 4126 usu;
473 4053 535 4116 nam
560 4063 632 4135 apud
653 4063 776 4132 tragicos
801 4077 915 4130 graecos
936 4061 1025 4116 variat
1048 4062 1189 4131 utriusque
1216 4063 1319 4116 formae

196 4160 261 4202 usus
273 4146 319 4212 ita,
331 4151 363 4201 at
376 4147 450 4218 apud
461 4149 629 4219 Aeschylum
641 4148 778 4221 particula
789 4147 841 4202 ἐάν
852 4147 1018 4219 praevaleat,
1031 4148 1103 4218 apud
1116 4147 1274 4218 Euripidem
1286 4147 1321 4212 ἥν
1372 4197 1375 4206 ,

196 4230 254 4285 sola
272 4232 327 4286 lore
346 4235 500 4303 usurpetur,
518 4223 589 4305 apud
601 4234 767 4307 Sophoclem
786 4239 901 4305 utraque
920 4235 1021 4289 formae
1035 4251 1122 4304 aeque
1135 4235 1261 4304 frequens
1274 4236 1318 4292 sit.
