<?xml version="1.0" encoding="UTF-8"?>
<!DOCTYPE html PUBLIC "-//W3C//DTD XHTML 1.0 Transitional//EN"
    "http://www.w3.org/TR/xhtml1/DTD/xhtml1-transitional.dtd">
<html xmlns="http://www.w3.org/1999/xhtml" xml:lang="en" lang="en">
 <head>
  <title>
</title>
<meta http-equiv="Content-Type" content="text/html;charset=utf-8" />
  <meta name='ocr-system' content='tesseract 3.04.00' />
  <meta name='ocr-capabilities' content='ocr_page ocr_carea ocr_par ocr_line ocrx_word'/>
</head>
<body>
  <div class='ocr_page' id='page_1' title='image "./deenuntiatorumc00petrgoog_0059.png"; bbox 0 0 3082 4664; ppageno 0'>
   <div class='ocr_carea' id='block_1_1' title="bbox 740 285 987 350">
    <p class='ocr_par' dir='ltr' id='par_1_1' title="bbox 740 285 987 350">
     <span class='ocr_line' id='line_1_1' title="bbox 740 285 987 350; baseline -0.032 -18"><span class='ocrx_word' id='word_1_1' title='bbox 740 285 987 350; x_wconf 76' lang='lat'>-43...</span> 
     </span>
    </p>
   </div>
   <div class='ocr_carea' id='block_1_2' title="bbox 282 472 1485 1500">
    <p class='ocr_par' dir='ltr' id='par_1_2' title="bbox 283 472 1406 766">
     <span class='ocr_line' id='line_1_2' title="bbox 283 472 1406 560; baseline -0.004 -16"><span class='ocrx_word' id='word_1_2' title='bbox 283 475 451 560; x_wconf 81' lang='lat' dir='ltr'><strong>interdum,</strong></span> <span class='ocrx_word' id='word_1_3' title='bbox 478 485 512 542; x_wconf 91' lang='lat' dir='ltr'><strong>ut</strong></span> <span class='ocrx_word' id='word_1_4' title='bbox 535 475 648 542; x_wconf 89' lang='lat' dir='ltr'><strong>Graeci</strong></span> <span class='ocrx_word' id='word_1_5' title='bbox 675 475 707 558; x_wconf 78' lang='lat' dir='ltr'><strong>jn</strong></span> <span class='ocrx_word' id='word_1_6' title='bbox 729 475 801 560; x_wconf 89' lang='lat' dir='ltr'><strong>ipsa</strong></span> <span class='ocrx_word' id='word_1_7' title='bbox 823 472 953 559; x_wconf 86' lang='lat' dir='ltr'><strong>apodosi</strong></span> <span class='ocrx_word' id='word_1_8' title='bbox 977 473 1174 554; x_wconf 85' lang='lat' dir='ltr'><strong>sententiam,</strong></span> <span class='ocrx_word' id='word_1_9' title='bbox 1197 477 1233 539; x_wconf 92' lang='lat' dir='ltr'><strong>ut</strong></span> <span class='ocrx_word' id='word_1_10' title='bbox 1258 491 1333 539; x_wconf 84' lang='lat' dir='ltr'><strong>vera</strong></span> <span class='ocrx_word' id='word_1_11' title='bbox 1354 474 1406 555; x_wconf 86' lang='lat' dir='ltr'><strong>sit,</strong></span> 
     </span>
     <span class='ocr_line' id='line_1_3' title="bbox 283 575 1406 665; baseline -0.006 -18"><span class='ocrx_word' id='word_1_12' title='bbox 283 581 439 665; x_wconf 87' lang='lat' dir='ltr'><strong>requirere</strong></span> <span class='ocrx_word' id='word_1_13' title='bbox 466 579 561 645; x_wconf 90' lang='lat' dir='ltr'><strong>talem</strong></span> <span class='ocrx_word' id='word_1_14' title='bbox 589 578 815 644; x_wconf 73' lang='lat' dir='ltr'><strong>correctionem</strong></span> <span class='ocrx_word' id='word_1_15' title='bbox 842 575 950 643; x_wconf 85' lang='lat' dir='ltr'><strong>addito</strong></span> <span class='ocrx_word' id='word_1_16' title='bbox 979 576 1134 642; x_wconf 87' lang='lat' dir='ltr'><strong>adiectivo</strong></span> <span class='ocrx_word' id='word_1_17' title='bbox 1156 577 1232 639; x_wconf 82' lang='grc' dir='ltr'><strong>ἄλλο</strong></span> <span class='ocrx_word' id='word_1_18' title='bbox 1254 575 1406 641; x_wconf 87' lang='lat' dir='ltr'><strong>indicent.</strong></span> 
     </span>
     <span class='ocr_line' id='line_1_4' title="bbox 283 681 1283 766; baseline -0.006 -15"><span class='ocrx_word' id='word_1_19' title='bbox 283 684 324 751; x_wconf 88' lang='lat' dir='ltr'><strong>Ut</strong></span> <span class='ocrx_word' id='word_1_20' title='bbox 351 684 492 751; x_wconf 84' lang='lat' dir='ltr'><strong>eiusdem</strong></span> <span class='ocrx_word' id='word_1_21' title='bbox 521 681 703 750; x_wconf 89' lang='lat' dir='ltr'><strong>comoediae</strong></span> <span class='ocrx_word' id='word_1_22' title='bbox 729 681 908 766; x_wconf 89' lang='lat' dir='ltr'><strong>exemplum</strong></span> <span class='ocrx_word' id='word_1_23' title='bbox 938 700 1089 766; x_wconf 84' lang='lat' dir='ltr'><strong>promam,</strong></span> <span class='ocrx_word' id='word_1_24' title='bbox 1112 682 1158 746; x_wconf 94' lang='lat' dir='ltr'><strong>in:</strong></span> <span class='ocrx_word' id='word_1_25' title='bbox 1281 755 1283 758; x_wconf 18' lang='lat'>¹</span> 
     </span>
    </p>

    <p class='ocr_par' dir='ltr' id='par_1_3' title="bbox 282 782 1485 1500">
     <span class='ocr_line' id='line_1_5' title="bbox 283 782 1248 873; baseline -0.006 -19"><span class='ocrx_word' id='word_1_26' title='bbox 283 787 361 873; x_wconf 87' lang='lat' dir='ltr'><strong>Equ.</strong></span> <span class='ocrx_word' id='word_1_27' title='bbox 384 809 431 854; x_wconf 91' lang='grc' dir='ltr'><strong>νε.</strong></span> <span class='ocrx_word' id='word_1_28' title='bbox 454 789 526 852; x_wconf 91' lang='grc'><strong>615.</strong></span> <span class='ocrx_word' id='word_1_29' title='bbox 549 789 575 849; x_wconf 82' lang='grc' dir='ltr'><strong>τί</strong></span> <span class='ocrx_word' id='word_1_30' title='bbox 596 784 621 849; x_wconf 79' lang='grc' dir='ltr'><strong>δ’</strong></span> <span class='ocrx_word' id='word_1_31' title='bbox 645 785 721 848; x_wconf 76' lang='grc' dir='ltr'><strong>ἄλλο</strong></span> <span class='ocrx_word' id='word_1_32' title='bbox 743 782 769 869; x_wconf 67' lang='grc' dir='ltr'><strong>ρ’</strong></span> <span class='ocrx_word' id='word_1_33' title='bbox 793 784 879 869; x_wconf 80' lang='grc' dir='ltr'><strong>εἰμὴ</strong></span> <span class='ocrx_word' id='word_1_34' title='bbox 902 783 1077 869; x_wconf 78' lang='grc' dir='ltr'>Νικόβουλος</span> <span class='ocrx_word' id='word_1_35' title='bbox 1099 785 1248 870; x_wconf 67' lang='grc' dir='ltr'><strong>ἐνενόμην;</strong></span> 
     </span>
     <span class='ocr_line' id='line_1_6' title="bbox 282 888 1485 975; baseline -0.005 -17"><span class='ocrx_word' id='word_1_36' title='bbox 282 893 437 959; x_wconf 86' lang='lat' dir='ltr'><strong>isiciarius</strong></span> <span class='ocrx_word' id='word_1_37' title='bbox 452 913 493 958; x_wconf 92' lang='lat' dir='ltr'><strong>ex</strong></span> <span class='ocrx_word' id='word_1_38' title='bbox 515 898 626 958; x_wconf 87' lang='lat' dir='ltr'><strong>senatu</strong></span> <span class='ocrx_word' id='word_1_39' title='bbox 648 910 790 956; x_wconf 86' lang='lat' dir='ltr'><strong>reversus</strong></span> <span class='ocrx_word' id='word_1_40' title='bbox 806 889 899 956; x_wconf 88' lang='lat' dir='ltr'><strong>choro</strong></span> <span class='ocrx_word' id='word_1_41' title='bbox 915 891 1131 974; x_wconf 81' lang='lat' dir='ltr'>interroganti,</span> <span class='ocrx_word' id='word_1_42' title='bbox 1154 911 1214 975; x_wconf 93' lang='lat' dir='ltr'><strong>quo</strong></span> <span class='ocrx_word' id='word_1_43' title='bbox 1231 888 1323 958; x_wconf 94' lang='lat' dir='ltr'><strong>modo</strong></span> <span class='ocrx_word' id='word_1_44' title='bbox 1338 908 1406 954; x_wconf 87' lang='lat' dir='ltr'><strong>rem</strong></span> <span class='ocrx_word' id='word_1_45' title='bbox 1483 897 1485 902; x_wconf 85' lang='lat'>&#39;</span> 
     </span>
     <span class='ocr_line' id='line_1_7' title="bbox 282 993 1406 1082; baseline -0.004 -22"><span class='ocrx_word' id='word_1_46' title='bbox 282 997 425 1079; x_wconf 77' lang='lat' dir='ltr'>gesserit,</span> <span class='ocrx_word' id='word_1_47' title='bbox 452 995 631 1082; x_wconf 79' lang='lat' dir='ltr'>respondet.</span> <span class='ocrx_word' id='word_1_48' title='bbox 675 993 882 1077; x_wconf 82' lang='lat' dir='ltr'><strong>Interrogatio</strong></span> <span class='ocrx_word' id='word_1_49' title='bbox 909 993 1028 1058; x_wconf 88' lang='lat' dir='ltr'><strong>scilicet</strong></span> <span class='ocrx_word' id='word_1_50' title='bbox 1059 1013 1154 1059; x_wconf 87' lang='lat' dir='ltr'><strong>sensu</strong></span> <span class='ocrx_word' id='word_1_51' title='bbox 1183 994 1327 1076; x_wconf 85' lang='lat' dir='ltr'><strong>negativo</strong></span> <span class='ocrx_word' id='word_1_52' title='bbox 1356 993 1406 1056; x_wconf 93' lang='lat' dir='ltr'><strong>in·</strong></span> 
     </span>
     <span class='ocr_line' id='line_1_8' title="bbox 284 1094 1406 1183; baseline -0.005 -19"><span class='ocrx_word' id='word_1_53' title='bbox 284 1097 464 1182; x_wconf 81' lang='lat' dir='ltr'><strong>tellegenda</strong></span> <span class='ocrx_word' id='word_1_54' title='bbox 486 1104 543 1164; x_wconf 89' lang='lat' dir='ltr'><strong>est.</strong></span> <span class='ocrx_word' id='word_1_55' title='bbox 588 1096 652 1162; x_wconf 84' lang='lat' dir='ltr'><strong>Sed</strong></span> <span class='ocrx_word' id='word_1_56' title='bbox 674 1097 790 1162; x_wconf 88' lang='lat' dir='ltr'><strong>rectius</strong></span> <span class='ocrx_word' id='word_1_57' title='bbox 813 1103 881 1161; x_wconf 88' lang='lat' dir='ltr'><strong>erat</strong></span> <span class='ocrx_word' id='word_1_58' title='bbox 902 1094 1019 1162; x_wconf 87' lang='lat' dir='ltr'><strong>dixise:</strong></span> <span class='ocrx_word' id='word_1_59' title='bbox 1053 1094 1132 1160; x_wconf 77' lang='lat' dir='ltr'><strong>outa</strong></span> <span class='ocrx_word' id='word_1_60' title='bbox 1155 1098 1179 1160; x_wconf 84' lang='grc' dir='ltr'><strong>εἰ</strong></span> <span class='ocrx_word' id='word_1_61' title='bbox 1202 1097 1242 1183; x_wconf 83' lang='grc' dir='ltr'><strong>μὴ</strong></span> <span class='ocrx_word' id='word_1_62' title='bbox 1270 1094 1406 1179; x_wconf 85' lang='grc' dir='ltr'><strong>Νικόβου-</strong></span> 
     </span>
     <span class='ocr_line' id='line_1_9' title="bbox 282 1201 1406 1289; baseline -0.003 -21"><span class='ocrx_word' id='word_1_63' title='bbox 282 1206 334 1276; x_wconf 79' lang='grc' dir='ltr'><strong>λος</strong></span> <span class='ocrx_word' id='word_1_64' title='bbox 357 1206 492 1289; x_wconf 62' lang='grc' dir='ltr'><strong>ἐγενόμην</strong></span> <span class='ocrx_word' id='word_1_65' title='bbox 515 1205 581 1271; x_wconf 84' lang='lat' dir='ltr'><strong>sivo</strong></span> <span class='ocrx_word' id='word_1_66' title='bbox 602 1205 628 1266; x_wconf 81' lang='grc' dir='ltr'><strong>τί</strong></span> <span class='ocrx_word' id='word_1_67' title='bbox 650 1201 675 1266; x_wconf 80' lang='grc' dir='ltr'><strong>δ’</strong></span> <span class='ocrx_word' id='word_1_68' title='bbox 688 1205 713 1266; x_wconf 82' lang='grc' dir='ltr'><strong>εἰ</strong></span> <span class='ocrx_word' id='word_1_69' title='bbox 734 1205 776 1288; x_wconf 79' lang='grc' dir='ltr'><strong>μὴ</strong></span> <span class='ocrx_word' id='word_1_70' title='bbox 799 1202 973 1287; x_wconf 77' lang='grc' dir='ltr'><strong>Νικόβουλος</strong></span> <span class='ocrx_word' id='word_1_71' title='bbox 1000 1203 1150 1288; x_wconf 69' lang='grc' dir='ltr'><strong>ἐγενόμην;</strong></span> <span class='ocrx_word' id='word_1_72' title='bbox 1185 1201 1305 1270; x_wconf 83' lang='lat' dir='ltr'><strong>Vocem</strong></span> <span class='ocrx_word' id='word_1_73' title='bbox 1331 1204 1406 1266; x_wconf 81' lang='grc' dir='ltr'>ἄλλο</span> 
     </span>
     <span class='ocr_line' id='line_1_10' title="bbox 282 1306 1404 1395; baseline -0.002 -20"><span class='ocrx_word' id='word_1_74' title='bbox 282 1310 369 1376; x_wconf 88' lang='lat' dir='ltr'><strong>nulla</strong></span> <span class='ocrx_word' id='word_1_75' title='bbox 390 1311 453 1375; x_wconf 90' lang='lat' dir='ltr'><strong>alia</strong></span> <span class='ocrx_word' id='word_1_76' title='bbox 469 1308 509 1375; x_wconf 86' lang='lat' dir='ltr'><strong>de</strong></span> <span class='ocrx_word' id='word_1_77' title='bbox 533 1328 628 1374; x_wconf 88' lang='lat' dir='ltr'><strong>causa</strong></span> <span class='ocrx_word' id='word_1_78' title='bbox 642 1306 719 1373; x_wconf 89' lang='lat' dir='ltr'><strong>addi</strong></span> <span class='ocrx_word' id='word_1_79' title='bbox 738 1315 879 1394; x_wconf 86' lang='lat' dir='ltr'><strong>apparet,</strong></span> <span class='ocrx_word' id='word_1_80' title='bbox 902 1309 963 1373; x_wconf 89' lang='lat' dir='ltr'><strong>nisi</strong></span> <span class='ocrx_word' id='word_1_81' title='bbox 986 1306 1068 1392; x_wconf 93' lang='lat' dir='ltr'><strong>quod</strong></span> <span class='ocrx_word' id='word_1_82' title='bbox 1089 1308 1224 1395; x_wconf 89' lang='lat' dir='ltr'><strong>protasis</strong></span> <span class='ocrx_word' id='word_1_83' title='bbox 1247 1308 1404 1374; x_wconf 88' lang='lat' dir='ltr'><strong>notionem</strong></span> 
     </span>
     <span class='ocr_line' id='line_1_11' title="bbox 282 1409 1404 1500; baseline -0.002 -22"><span class='ocrx_word' id='word_1_84' title='bbox 282 1411 431 1500; x_wconf 89' lang='lat' dir='ltr'><strong>apodosis</strong></span> <span class='ocrx_word' id='word_1_85' title='bbox 458 1412 632 1478; x_wconf 77' lang='lat' dir='ltr'><strong>sententiae</strong></span> <span class='ocrx_word' id='word_1_86' title='bbox 659 1412 722 1476; x_wconf 85' lang='lat' dir='ltr'><strong>iarn</strong></span> <span class='ocrx_word' id='word_1_87' title='bbox 749 1416 855 1476; x_wconf 85' lang='lat' dir='ltr'><strong>mente</strong></span> <span class='ocrx_word' id='word_1_88' title='bbox 878 1409 1024 1491; x_wconf 80' lang='lat' dir='ltr'><strong>detraxit,</strong></span> <span class='ocrx_word' id='word_1_89' title='bbox 1051 1412 1154 1495; x_wconf 88' lang='lat' dir='ltr'><strong>isqui</strong></span> <span class='ocrx_word' id='word_1_90' title='bbox 1182 1410 1329 1496; x_wconf 92' lang='lat' dir='ltr'><strong>loquitur.</strong></span> <span class='ocrx_word' id='word_1_91' title='bbox 1371 1409 1404 1476; x_wconf 94' lang='lat' dir='ltr'><strong>In</strong></span> 
     </span>
    </p>
   </div>
   <div class='ocr_carea' id='block_1_3' title="bbox 144 1511 1402 1603">
    <p class='ocr_par' dir='ltr' id='par_1_4' title="bbox 144 1511 1402 1603">
     <span class='ocr_line' id='line_1_12' title="bbox 144 1511 1402 1603; baseline -0.003 -21"><span class='ocrx_word' id='word_1_92' title='bbox 144 1517 147 1524; x_wconf 80' lang='grc'><em>’</em></span> <span class='ocrx_word' id='word_1_93' title='bbox 282 1516 472 1603; x_wconf 88' lang='lat' dir='ltr'><strong>explicanda</strong></span> <span class='ocrx_word' id='word_1_94' title='bbox 499 1520 673 1582; x_wconf 78' lang='lat' dir='ltr'><strong>structurae</strong></span> <span class='ocrx_word' id='word_1_95' title='bbox 695 1514 726 1578; x_wconf 80' lang='lat' dir='ltr'><strong>vi</strong></span> <span class='ocrx_word' id='word_1_96' title='bbox 748 1533 768 1578; x_wconf 88' lang='lat' dir='ltr'><strong>a</strong></span> <span class='ocrx_word' id='word_1_97' title='bbox 794 1512 949 1598; x_wconf 90' lang='lat' dir='ltr'><strong>particula</strong></span> <span class='ocrx_word' id='word_1_98' title='bbox 983 1513 1024 1598; x_wconf 81' lang='grc' dir='ltr'><strong>μὴ</strong></span> <span class='ocrx_word' id='word_1_99' title='bbox 1052 1511 1315 1598; x_wconf 87' lang='lat' dir='ltr'><strong>proficiscendum</strong></span> <span class='ocrx_word' id='word_1_100' title='bbox 1349 1520 1402 1597; x_wconf 85' lang='lat' dir='ltr'><strong>est,</strong></span> 
     </span>
    </p>
   </div>
   <div class='ocr_carea' id='block_1_4' title="bbox 282 1619 1407 1809">
    <p class='ocr_par' dir='ltr' id='par_1_5' title="bbox 282 1619 1407 1809">
     <span class='ocr_line' id='line_1_13' title="bbox 282 1619 1405 1705; baseline -0.003 -19"><span class='ocrx_word' id='word_1_101' title='bbox 282 1642 353 1705; x_wconf 88' lang='lat' dir='ltr'><strong>qua,</strong></span> <span class='ocrx_word' id='word_1_102' title='bbox 382 1620 506 1686; x_wconf 86' lang='lat' dir='ltr'><strong>etiarnsi</strong></span> <span class='ocrx_word' id='word_1_103' title='bbox 532 1620 660 1685; x_wconf 91' lang='lat' dir='ltr'><strong>verbum</strong></span> <span class='ocrx_word' id='word_1_104' title='bbox 688 1619 809 1684; x_wconf 88' lang='lat' dir='ltr'><strong>finitum</strong></span> <span class='ocrx_word' id='word_1_105' title='bbox 838 1637 901 1684; x_wconf 91' lang='lat' dir='ltr'><strong>non</strong></span> <span class='ocrx_word' id='word_1_106' title='bbox 928 1620 1076 1703; x_wconf 85' lang='lat' dir='ltr'><strong>sequitur,</strong></span> <span class='ocrx_word' id='word_1_107' title='bbox 1105 1639 1155 1685; x_wconf 87' lang='lat' dir='ltr'><strong>res</strong></span> <span class='ocrx_word' id='word_1_108' title='bbox 1182 1619 1247 1685; x_wconf 88' lang='lat' dir='ltr'><strong>sive</strong></span> <span class='ocrx_word' id='word_1_109' title='bbox 1269 1636 1405 1705; x_wconf 89' lang='lat' dir='ltr'><strong>persona</strong></span> 
     </span>
     <span class='ocr_line' id='line_1_14' title="bbox 282 1720 1407 1809; baseline -0.002 -19"><span class='ocrx_word' id='word_1_110' title='bbox 282 1723 468 1806; x_wconf 80' lang='lat' dir='ltr'><strong>excluditur,</strong></span> <span class='ocrx_word' id='word_1_111' title='bbox 492 1723 541 1788; x_wconf 92' lang='lat' dir='ltr'><strong>cui</strong></span> <span class='ocrx_word' id='word_1_112' title='bbox 557 1723 584 1790; x_wconf 90' lang='lat' dir='ltr'><strong>si</strong></span> <span class='ocrx_word' id='word_1_113' title='bbox 599 1723 783 1809; x_wconf 88' lang='lat' dir='ltr'><strong>praeposita</strong></span> <span class='ocrx_word' id='word_1_114' title='bbox 797 1728 846 1788; x_wconf 89' lang='lat' dir='ltr'><strong>est</strong></span> <span class='ocrx_word' id='word_1_115' title='bbox 859 1722 1015 1808; x_wconf 87' lang='lat' dir='ltr'><strong>particula</strong></span> <span class='ocrx_word' id='word_1_116' title='bbox 1029 1720 1257 1788; x_wconf 82' lang='lat' dir='ltr'><strong>condicionalis</strong></span> <span class='ocrx_word' id='word_1_117' title='bbox 1277 1723 1301 1785; x_wconf 83' lang='grc' dir='ltr'><strong>εἰ</strong></span> <span class='ocrx_word' id='word_1_118' title='bbox 1315 1742 1407 1808; x_wconf 88' lang='lat' dir='ltr'><strong>prae·</strong></span> 
     </span>
    </p>
   </div>
   <div class='ocr_carea' id='block_1_5' title="bbox 144 1815 1406 1914">
    <p class='ocr_par' dir='ltr' id='par_1_6' title="bbox 144 1815 1406 1914">
     <span class='ocr_line' id='line_1_15' title="bbox 144 1815 1406 1914; baseline -0.002 -18"><span class='ocrx_word' id='word_1_119' title='bbox 144 1815 150 1832; x_wconf 69' lang='lat'>⁸</span> <span class='ocrx_word' id='word_1_120' title='bbox 282 1829 396 1896; x_wconf 88' lang='lat' dir='ltr'><strong>cedere</strong></span> <span class='ocrx_word' id='word_1_121' title='bbox 419 1827 633 1894; x_wconf 81' lang='lat' dir='ltr'><strong>exclusionem</strong></span> <span class='ocrx_word' id='word_1_122' title='bbox 657 1826 805 1914; x_wconf 90' lang='lat' dir='ltr'><strong>apodosis</strong></span> <span class='ocrx_word' id='word_1_123' title='bbox 827 1829 943 1895; x_wconf 91' lang='lat' dir='ltr'><strong>actioni</strong></span> <span class='ocrx_word' id='word_1_124' title='bbox 965 1828 1167 1911; x_wconf 84' lang='lat' dir='ltr'><strong>significatur.</strong></span> <span class='ocrx_word' id='word_1_125' title='bbox 1211 1827 1406 1912; x_wconf 79' lang='lat' dir='ltr'><strong>Quamquam</strong></span> 
     </span>
    </p>
   </div>
   <div class='ocr_carea' id='block_1_6' title="bbox 280 1930 1412 4315">
    <p class='ocr_par' dir='ltr' id='par_1_7' title="bbox 280 1930 1408 3481">
     <span class='ocr_line' id='line_1_16' title="bbox 281 1930 1401 2019; baseline -0.003 -21"><span class='ocrx_word' id='word_1_126' title='bbox 281 1933 464 2019; x_wconf 87' lang='lat' dir='ltr'><strong>plerumque</strong></span> <span class='ocrx_word' id='word_1_127' title='bbox 498 1935 522 1995; x_wconf 86' lang='grc' dir='ltr'><strong>εἰ</strong></span> <span class='ocrx_word' id='word_1_128' title='bbox 550 1932 590 2017; x_wconf 83' lang='grc' dir='ltr'><strong>μὴ</strong></span> <span class='ocrx_word' id='word_1_129' title='bbox 625 1932 664 1997; x_wconf 90' lang='lat' dir='ltr'><strong>ab</strong></span> <span class='ocrx_word' id='word_1_130' title='bbox 690 1930 899 2016; x_wconf 86' lang='lat' dir='ltr'><strong>Aristophane</strong></span> <span class='ocrx_word' id='word_1_131' title='bbox 927 1939 1094 2018; x_wconf 88' lang='lat' dir='ltr'><strong>usurpatur</strong></span> <span class='ocrx_word' id='word_1_132' title='bbox 1121 1931 1213 2016; x_wconf 80' lang='lat' dir='ltr'><strong>(Aah.</strong></span> <span class='ocrx_word' id='word_1_133' title='bbox 1237 1932 1308 1996; x_wconf 88' lang='grc'><strong>684.</strong></span> <span class='ocrx_word' id='word_1_134' title='bbox 1324 1931 1401 2015; x_wconf 89' lang='lat' dir='ltr'><strong>Equ.</strong></span> 
     </span>
     <span class='ocr_line' id='line_1_17' title="bbox 284 2025 1402 2125; baseline 0.001 -24"><span class='ocrx_word' id='word_1_135' title='bbox 284 2038 375 2104; x_wconf 93' lang='grc'><strong>1106.</strong></span> <span class='ocrx_word' id='word_1_136' title='bbox 399 2036 433 2102; x_wconf 91' lang='lat' dir='ltr'><strong>P.</strong></span> <span class='ocrx_word' id='word_1_137' title='bbox 450 2038 522 2102; x_wconf 84' lang='lat'><strong>828.</strong></span> <span class='ocrx_word' id='word_1_138' title='bbox 544 2037 619 2123; x_wconf 89' lang='lat' dir='ltr'><strong>Lys.</strong></span> <span class='ocrx_word' id='word_1_139' title='bbox 636 2035 723 2120; x_wconf 82' lang='lat'><strong>629),</strong></span> <span class='ocrx_word' id='word_1_140' title='bbox 739 2043 845 2105; x_wconf 87' lang='lat' dir='ltr'><strong>tamen</strong></span> <span class='ocrx_word' id='word_1_141' title='bbox 861 2037 908 2102; x_wconf 90' lang='lat' dir='ltr'><strong>bis</strong></span> <span class='ocrx_word' id='word_1_142' title='bbox 928 2038 977 2101; x_wconf 82' lang='grc' dir='ltr'><strong>ἐάν</strong></span> <span class='ocrx_word' id='word_1_143' title='bbox 992 2039 1054 2123; x_wconf 76' lang='grc' dir='ltr'><strong>(ἦν)</strong></span> <span class='ocrx_word' id='word_1_144' title='bbox 1068 2025 1298 2125; x_wconf 73' lang='grc' dir='ltr'><strong>ρενιίινίεεμή</strong></span> <span class='ocrx_word' id='word_1_145' title='bbox 1312 2057 1402 2122; x_wconf 87' lang='lat' dir='ltr'><strong>prae-</strong></span> 
     </span>
     <span class='ocr_line' id='line_1_18' title="bbox 283 2139 1400 2228; baseline -0.001 -21"><span class='ocrx_word' id='word_1_146' title='bbox 283 2144 365 2208; x_wconf 82' lang='lat' dir='ltr'><strong>fixit:</strong></span> <span class='ocrx_word' id='word_1_147' title='bbox 386 2141 465 2227; x_wconf 87' lang='lat' dir='ltr'><strong>Equ.</strong></span> <span class='ocrx_word' id='word_1_148' title='bbox 483 2163 527 2208; x_wconf 88' lang='lat' dir='ltr'><strong>rs.</strong></span> <span class='ocrx_word' id='word_1_149' title='bbox 544 2143 608 2205; x_wconf 88' lang='grc'><strong>994</strong></span> <span class='ocrx_word' id='word_1_150' title='bbox 622 2161 688 2225; x_wconf 87' lang='lat' dir='ltr'><strong>sqq.</strong></span> <span class='ocrx_word' id='word_1_151' title='bbox 706 2139 779 2226; x_wconf 88' lang='lat' dir='ltr'><strong>Lys.</strong></span> <span class='ocrx_word' id='word_1_152' title='bbox 795 2160 840 2207; x_wconf 88' lang='grc' dir='ltr'><strong>νε.</strong></span> <span class='ocrx_word' id='word_1_153' title='bbox 856 2142 929 2206; x_wconf 87' lang='grc'><strong>251.</strong></span> <span class='ocrx_word' id='word_1_154' title='bbox 962 2140 1151 2228; x_wconf 86' lang='lat' dir='ltr'><strong>interpretes</strong></span> <span class='ocrx_word' id='word_1_155' title='bbox 1166 2145 1191 2205; x_wconf 84' lang='grc' dir='ltr'><strong>εἰ</strong></span> <span class='ocrx_word' id='word_1_156' title='bbox 1205 2147 1245 2228; x_wconf 74' lang='grc' dir='ltr'><strong>μή</strong></span> <span class='ocrx_word' id='word_1_157' title='bbox 1261 2144 1293 2208; x_wconf 93' lang='lat' dir='ltr'><strong>in</strong></span> <span class='ocrx_word' id='word_1_158' title='bbox 1308 2143 1400 2227; x_wconf 88' lang='lat' dir='ltr'><strong>parti-</strong></span> 
     </span>
     <span class='ocr_line' id='line_1_19' title="bbox 285 2244 1398 2334; baseline -0.003 -21"><span class='ocrx_word' id='word_1_159' title='bbox 285 2247 374 2315; x_wconf 88' lang='lat' dir='ltr'><strong>culae</strong></span> <span class='ocrx_word' id='word_1_160' title='bbox 402 2248 482 2314; x_wconf 76' lang='grc' dir='ltr'><strong>ἀλλὰ</strong></span> <span class='ocrx_word' id='word_1_161' title='bbox 508 2247 569 2311; x_wconf 92' lang='lat' dir='ltr'><strong>vim</strong></span> <span class='ocrx_word' id='word_1_162' title='bbox 604 2246 707 2312; x_wconf 87' lang='lat' dir='ltr'><strong>abisse</strong></span> <span class='ocrx_word' id='word_1_163' title='bbox 741 2244 893 2311; x_wconf 89' lang='lat' dir='ltr'><strong>adnotant</strong></span> <span class='ocrx_word' id='word_1_164' title='bbox 919 2247 965 2311; x_wconf 92' lang='lat' dir='ltr'><strong>in:</strong></span> <span class='ocrx_word' id='word_1_165' title='bbox 992 2245 1070 2332; x_wconf 75' lang='lat' dir='ltr'><strong>Equ.</strong></span> <span class='ocrx_word' id='word_1_166' title='bbox 1099 2267 1142 2312; x_wconf 91' lang='grc' dir='ltr'><strong>νε.</strong></span> <span class='ocrx_word' id='word_1_167' title='bbox 1172 2247 1233 2310; x_wconf 88' lang='grc'><strong>186</strong></span> <span class='ocrx_word' id='word_1_168' title='bbox 1260 2247 1329 2334; x_wconf 87' lang='lat' dir='ltr'><strong>Lys.</strong></span> <span class='ocrx_word' id='word_1_169' title='bbox 1355 2267 1398 2312; x_wconf 91' lang='grc' dir='ltr'><strong>νε.</strong></span> 
     </span>
     <span class='ocr_line' id='line_1_20' title="bbox 284 2349 1169 2432; baseline -0.001 -16"><span class='ocrx_word' id='word_1_170' title='bbox 284 2354 356 2418; x_wconf 90' lang='grc'><strong>943.</strong></span> <span class='ocrx_word' id='word_1_171' title='bbox 380 2351 435 2418; x_wconf 90' lang='lat' dir='ltr'><strong>Th.</strong></span> <span class='ocrx_word' id='word_1_172' title='bbox 458 2373 503 2418; x_wconf 90' lang='grc' dir='ltr'><strong>νε.</strong></span> <span class='ocrx_word' id='word_1_173' title='bbox 527 2351 599 2414; x_wconf 89' lang='grc'><strong>898.</strong></span> <span class='ocrx_word' id='word_1_174' title='bbox 624 2350 650 2414; x_wconf 88' lang='lat' dir='ltr'>A</span> <span class='ocrx_word' id='word_1_175' title='bbox 674 2350 785 2415; x_wconf 86' lang='lat' dir='ltr'><strong>ceteris</strong></span> <span class='ocrx_word' id='word_1_176' title='bbox 808 2349 993 2432; x_wconf 81' lang='lat' dir='ltr'><strong>segregandi</strong></span> <span class='ocrx_word' id='word_1_177' title='bbox 1016 2357 1087 2416; x_wconf 87' lang='lat' dir='ltr'><strong>sunt</strong></span> <span class='ocrx_word' id='word_1_178' title='bbox 1109 2351 1169 2417; x_wconf 92' lang='lat' dir='ltr'><strong>loci</strong></span> 
     </span>
     <span class='ocr_line' id='line_1_21' title="bbox 284 2443 1404 2546; baseline -0.001 -25"><span class='ocrx_word' id='word_1_179' title='bbox 284 2454 364 2523; x_wconf 88' lang='lat' dir='ltr'><strong>Nub.</strong></span> <span class='ocrx_word' id='word_1_180' title='bbox 372 2449 498 2523; x_wconf 59' lang='grc' dir='ltr'><strong>νε.’227.</strong></span> <span class='ocrx_word' id='word_1_181' title='bbox 510 2455 542 2520; x_wconf 83' lang='grc' dir='ltr'><strong>οὐ</strong></span> <span class='ocrx_word' id='word_1_182' title='bbox 553 2456 606 2543; x_wconf 62' lang='grc' dir='ltr'><strong>γὰρ</strong></span> <span class='ocrx_word' id='word_1_183' title='bbox 618 2451 653 2517; x_wconf 83' lang='grc' dir='ltr'><strong>ἄν</strong></span> <span class='ocrx_word' id='word_1_184' title='bbox 664 2475 730 2517; x_wconf 83' lang='grc' dir='ltr'><strong>ποτε</strong></span> <span class='ocrx_word' id='word_1_185' title='bbox 741 2454 805 2517; x_wconf 88' lang='grc'><strong>228</strong></span> <span class='ocrx_word' id='word_1_186' title='bbox 817 2443 937 2544; x_wconf 73' lang='grc' dir='ltr'><strong>ἐξηῦρον</strong></span> <span class='ocrx_word' id='word_1_187' title='bbox 950 2455 1047 2543; x_wconf 72' lang='grc' dir='ltr'><strong>ὀρθῶς</strong></span> <span class='ocrx_word' id='word_1_188' title='bbox 1056 2457 1093 2518; x_wconf 77' lang='grc' dir='ltr'><strong>τὰ</strong></span> <span class='ocrx_word' id='word_1_189' title='bbox 1105 2458 1235 2546; x_wconf 82' lang='grc' dir='ltr'><strong>μετέωρα</strong></span> <span class='ocrx_word' id='word_1_190' title='bbox 1245 2464 1404 2546; x_wconf 66' lang='grc' dir='ltr'><strong>πράγματα,</strong></span> 
     </span>
     <span class='ocr_line' id='line_1_22' title="bbox 667 2560 1405 2652; baseline 0.005 -30"><span class='ocrx_word' id='word_1_191' title='bbox 667 2561 691 2622; x_wconf 78' lang='grc' dir='ltr'><strong>εἰ</strong></span> <span class='ocrx_word' id='word_1_192' title='bbox 714 2560 754 2644; x_wconf 81' lang='grc' dir='ltr'><strong>μὴ</strong></span> <span class='ocrx_word' id='word_1_193' title='bbox 778 2566 925 2648; x_wconf 78' lang='grc' dir='ltr'><strong>κρεμάσας</strong></span> <span class='ocrx_word' id='word_1_194' title='bbox 945 2561 977 2623; x_wconf 87' lang='grc' dir='ltr'><strong>τὸ</strong></span> <span class='ocrx_word' id='word_1_195' title='bbox 1001 2563 1096 2645; x_wconf 81' lang='grc' dir='ltr'><strong>νόημα</strong></span> <span class='ocrx_word' id='word_1_196' title='bbox 1118 2563 1165 2626; x_wconf 90' lang='grc' dir='ltr'><strong>καὶ</strong></span> <span class='ocrx_word' id='word_1_197' title='bbox 1187 2563 1239 2649; x_wconf 81' lang='grc' dir='ltr'><strong>’τὴν</strong></span> <span class='ocrx_word' id='word_1_198' title='bbox 1262 2565 1405 2652; x_wconf 79' lang='grc' dir='ltr'><strong>φροντίδα.</strong></span> 
     </span>
     <span class='ocr_line' id='line_1_23' title="bbox 284 2663 1190 2753; baseline 0.004 -24"><span class='ocrx_word' id='word_1_199' title='bbox 284 2665 320 2731; x_wconf 82' lang='lat' dir='ltr'><strong>V.</strong></span> <span class='ocrx_word' id='word_1_200' title='bbox 342 2686 388 2733; x_wconf 91' lang='grc' dir='ltr'><strong>νε.</strong></span> <span class='ocrx_word' id='word_1_201' title='bbox 412 2668 485 2732; x_wconf 87' lang='grc'><strong>558.</strong></span> <span class='ocrx_word' id='word_1_202' title='bbox 510 2665 704 2751; x_wconf 82' lang='grc' dir='ltr'><strong>(ἱκετεύουσιν)</strong></span> <span class='ocrx_word' id='word_1_203' title='bbox 728 2667 760 2737; x_wconf 81' lang='grc' dir='ltr'><strong>ὃς</strong></span> <span class='ocrx_word' id='word_1_204' title='bbox 782 2663 827 2750; x_wconf 87' lang='grc' dir='ltr'><strong>ἔμ’</strong></span> <span class='ocrx_word' id='word_1_205' title='bbox 852 2665 910 2731; x_wconf 74' lang='grc' dir='ltr'>οὐδ’</span> <span class='ocrx_word' id='word_1_206' title='bbox 934 2669 968 2730; x_wconf 87' lang='grc' dir='ltr'><strong>ἂν</strong></span> <span class='ocrx_word' id='word_1_207' title='bbox 991 2667 1079 2738; x_wconf 74' lang='grc' dir='ltr'><strong>ζῶντ’</strong></span> <span class='ocrx_word' id='word_1_208' title='bbox 1102 2667 1190 2753; x_wconf 68' lang='grc' dir='ltr'><strong>ᾔδειν,</strong></span> 
     </span>
     <span class='ocr_line' id='line_1_24' title="bbox 665 2764 1224 2863; baseline 0.007 -28"><span class='ocrx_word' id='word_1_209' title='bbox 665 2772 690 2835; x_wconf 82' lang='grc' dir='ltr'><strong>εἰ</strong></span> <span class='ocrx_word' id='word_1_210' title='bbox 713 2771 753 2857; x_wconf 81' lang='grc' dir='ltr'><strong>μὴ</strong></span> <span class='ocrx_word' id='word_1_211' title='bbox 776 2773 821 2836; x_wconf 79' lang='grc' dir='ltr'><strong>διὰ</strong></span> <span class='ocrx_word' id='word_1_212' title='bbox 843 2773 896 2859; x_wconf 79' lang='grc' dir='ltr'><strong>τὴν</strong></span> <span class='ocrx_word' id='word_1_213' title='bbox 919 2776 1055 2862; x_wconf 84' lang='grc' dir='ltr'><strong>προτέραν</strong></span> <span class='ocrx_word' id='word_1_214' title='bbox 1079 2764 1224 2863; x_wconf 72' lang='grc' dir='ltr'><strong>ἀπόφυξιν.</strong></span> 
     </span>
     <span class='ocr_line' id='line_1_25' title="bbox 283 2873 1406 2966; baseline 0.004 -26"><span class='ocrx_word' id='word_1_215' title='bbox 283 2873 457 2961; x_wconf 90' lang='lat' dir='ltr'><strong>Utrumque</strong></span> <span class='ocrx_word' id='word_1_216' title='bbox 479 2875 657 2959; x_wconf 87' lang='lat' dir='ltr'><strong>exemplum</strong></span> <span class='ocrx_word' id='word_1_217' title='bbox 680 2877 712 2941; x_wconf 95' lang='lat' dir='ltr'><strong>in</strong></span> <span class='ocrx_word' id='word_1_218' title='bbox 741 2877 873 2962; x_wconf 90' lang='lat' dir='ltr'><strong>apodosi</strong></span> <span class='ocrx_word' id='word_1_219' title='bbox 900 2876 1057 2945; x_wconf 86' lang='lat' dir='ltr'><strong>adiectam</strong></span> <span class='ocrx_word' id='word_1_220' title='bbox 1081 2879 1268 2966; x_wconf 85' lang='lat' dir='ltr'><strong>particulam</strong></span> <span class='ocrx_word' id='word_1_221' title='bbox 1294 2880 1328 2943; x_wconf 83' lang='grc' dir='ltr'><strong>ἄν</strong></span> <span class='ocrx_word' id='word_1_222' title='bbox 1351 2897 1406 2944; x_wconf 91' lang='lat' dir='ltr'><strong>ex·</strong></span> 
     </span>
     <span class='ocr_line' id='line_1_26' title="bbox 281 2979 1408 3068; baseline 0.004 -25"><span class='ocrx_word' id='word_1_223' title='bbox 281 2979 380 3063; x_wconf 89' lang='lat' dir='ltr'><strong>hibet,</strong></span> <span class='ocrx_word' id='word_1_224' title='bbox 403 2979 460 3047; x_wconf 87' lang='lat' dir='ltr'><strong>sod</strong></span> <span class='ocrx_word' id='word_1_225' title='bbox 482 2981 579 3066; x_wconf 90' lang='lat' dir='ltr'><strong>prins,</strong></span> <span class='ocrx_word' id='word_1_226' title='bbox 595 2979 666 3046; x_wconf 82' lang='lat' dir='ltr'><strong>cuim</strong></span> <span class='ocrx_word' id='word_1_227' title='bbox 682 2982 706 3044; x_wconf 83' lang='grc' dir='ltr'><strong>εἰ</strong></span> <span class='ocrx_word' id='word_1_228' title='bbox 720 2980 761 3066; x_wconf 77' lang='grc' dir='ltr'><strong>μὴ</strong></span> <span class='ocrx_word' id='word_1_229' title='bbox 776 2982 974 3068; x_wconf 89' lang='lat' dir='ltr'><strong>participium</strong></span> <span class='ocrx_word' id='word_1_230' title='bbox 990 2991 1145 3068; x_wconf 85' lang='lat' dir='ltr'><strong>sequatur,</strong></span> <span class='ocrx_word' id='word_1_231' title='bbox 1161 2984 1291 3066; x_wconf 85' lang='lat' dir='ltr'><strong>integris</strong></span> <span class='ocrx_word' id='word_1_232' title='bbox 1307 3003 1408 3049; x_wconf 88' lang='lat' dir='ltr'><strong>enun-</strong></span> 
     </span>
     <span class='ocr_line' id='line_1_27' title="bbox 280 3084 1408 3174; baseline 0.005 -25"><span class='ocrx_word' id='word_1_233' title='bbox 280 3085 365 3150; x_wconf 88' lang='lat' dir='ltr'><strong>tiatis</strong></span> <span class='ocrx_word' id='word_1_234' title='bbox 395 3088 523 3171; x_wconf 91' lang='lat' dir='ltr'><strong>propius</strong></span> <span class='ocrx_word' id='word_1_235' title='bbox 557 3084 691 3150; x_wconf 89' lang='lat' dir='ltr'><strong>accedit.</strong></span> <span class='ocrx_word' id='word_1_236' title='bbox 736 3085 786 3151; x_wconf 83' lang='lat' dir='ltr'><strong>Ad</strong></span> <span class='ocrx_word' id='word_1_237' title='bbox 819 3088 972 3173; x_wconf 87' lang='lat' dir='ltr'><strong>temporis</strong></span> <span class='ocrx_word' id='word_1_238' title='bbox 1004 3094 1198 3154; x_wconf 89' lang='lat' dir='ltr'><strong>momentum</strong></span> <span class='ocrx_word' id='word_1_239' title='bbox 1236 3109 1296 3172; x_wconf 92' lang='lat' dir='ltr'><strong>quo</strong></span> <span class='ocrx_word' id='word_1_240' title='bbox 1332 3089 1408 3174; x_wconf 91' lang='lat' dir='ltr'><strong>quid</strong></span> 
     </span>
     <span class='ocr_line' id='line_1_28' title="bbox 280 3187 1407 3278; baseline 0.006 -25"><span class='ocrx_word' id='word_1_241' title='bbox 280 3188 479 3274; x_wconf 77' lang='lat' dir='ltr'><strong>potissimum</strong></span> <span class='ocrx_word' id='word_1_242' title='bbox 504 3187 581 3274; x_wconf 24' lang='lat' dir='ltr'><strong>fieri·</strong></span> <span class='ocrx_word' id='word_1_243' title='bbox 599 3194 731 3272; x_wconf 86' lang='lat' dir='ltr'><strong>oportet,</strong></span> <span class='ocrx_word' id='word_1_244' title='bbox 761 3187 991 3272; x_wconf 81' lang='lat' dir='ltr'><strong>designandum</strong></span> <span class='ocrx_word' id='word_1_245' title='bbox 1018 3189 1183 3257; x_wconf 88' lang='lat' dir='ltr'><strong>adhibetur</strong></span> <span class='ocrx_word' id='word_1_246' title='bbox 1216 3193 1240 3254; x_wconf 83' lang='grc' dir='ltr'><strong>εἰ</strong></span> <span class='ocrx_word' id='word_1_247' title='bbox 1274 3192 1316 3278; x_wconf 79' lang='grc' dir='ltr'><strong>μὴ</strong></span> <span class='ocrx_word' id='word_1_248' title='bbox 1344 3201 1407 3260; x_wconf 73' lang='lat' dir='ltr'><strong>etv:</strong></span> 
     </span>
     <span class='ocr_line' id='line_1_29' title="bbox 280 3286 1408 3386; baseline 0.007 -30"><span class='ocrx_word' id='word_1_249' title='bbox 280 3292 318 3358; x_wconf 84' lang='lat' dir='ltr'><strong>V.</strong></span> <span class='ocrx_word' id='word_1_250' title='bbox 343 3313 387 3360; x_wconf 87' lang='grc' dir='ltr'><strong>νε.</strong></span> <span class='ocrx_word' id='word_1_251' title='bbox 410 3293 484 3358; x_wconf 88' lang='grc'><strong>402.</strong></span> <span class='ocrx_word' id='word_1_252' title='bbox 507 3295 575 3355; x_wconf 74' lang='grc' dir='ltr'><strong>πότε</strong></span> <span class='ocrx_word' id='word_1_253' title='bbox 596 3289 633 3367; x_wconf 82' lang='grc' dir='ltr'><strong>δ’,</strong></span> <span class='ocrx_word' id='word_1_254' title='bbox 658 3292 745 3377; x_wconf 79' lang='grc' dir='ltr'><strong>εἰμὴ</strong></span> <span class='ocrx_word' id='word_1_255' title='bbox 768 3299 825 3372; x_wconf 84' lang='grc' dir='ltr'><strong>νῦν,</strong></span> <span class='ocrx_word' id='word_1_256' title='bbox 850 3286 1006 3383; x_wconf 77' lang='grc' dir='ltr'><strong>ἐπαρήξετέ</strong></span> <span class='ocrx_word' id='word_1_257' title='bbox 1034 3320 1088 3379; x_wconf 82' lang='grc' dir='ltr'><strong>μοι,</strong></span> <span class='ocrx_word' id='word_1_258' title='bbox 1117 3297 1178 3385; x_wconf 75' lang='grc' dir='ltr'><strong>πρίν</strong></span> <span class='ocrx_word' id='word_1_259' title='bbox 1205 3295 1306 3381; x_wconf 84' lang='grc' dir='ltr'><strong>μἐἷσω</strong></span> <span class='ocrx_word' id='word_1_260' title='bbox 1329 3302 1408 3386; x_wconf 80' lang='grc' dir='ltr'><strong>μᾶλ-</strong></span> 
     </span>
     <span class='ocr_line' id='line_1_30' title="bbox 505 3395 710 3481; baseline 0 -20"><span class='ocrx_word' id='word_1_261' title='bbox 505 3397 558 3461; x_wconf 83' lang='grc' dir='ltr'><strong>λον</strong></span> <span class='ocrx_word' id='word_1_262' title='bbox 581 3395 710 3481; x_wconf 62' lang='grc' dir='ltr'><strong>ἅνεσθάν</strong></span> 
     </span>
    </p>

    <p class='ocr_par' dir='ltr' id='par_1_8' title="bbox 280 3502 1410 3901">
     <span class='ocr_line' id='line_1_31' title="bbox 368 3502 1409 3592; baseline 0.011 -25"><span class='ocrx_word' id='word_1_263' title='bbox 368 3502 518 3570; x_wconf 88' lang='lat' dir='ltr'><strong>Venimus</strong></span> <span class='ocrx_word' id='word_1_264' title='bbox 541 3502 581 3569; x_wconf 92' lang='lat' dir='ltr'><strong>ad</strong></span> <span class='ocrx_word' id='word_1_265' title='bbox 604 3509 796 3589; x_wconf 89' lang='lat' dir='ltr'><strong>postremam</strong></span> <span class='ocrx_word' id='word_1_266' title='bbox 819 3504 909 3572; x_wconf 92' lang='lat' dir='ltr'><strong>huius</strong></span> <span class='ocrx_word' id='word_1_267' title='bbox 931 3507 1057 3588; x_wconf 84' lang='lat' dir='ltr'><strong>generis</strong></span> <span class='ocrx_word' id='word_1_268' title='bbox 1079 3507 1228 3592; x_wconf 90' lang='lat' dir='ltr'><strong>speciem.</strong></span> <span class='ocrx_word' id='word_1_269' title='bbox 1272 3510 1409 3578; x_wconf 89' lang='lat' dir='ltr'><strong>Senten-</strong></span> 
     </span>
     <span class='ocr_line' id='line_1_32' title="bbox 280 3603 1407 3700; baseline 0.006 -26"><span class='ocrx_word' id='word_1_270' title='bbox 280 3608 357 3674; x_wconf 87' lang='lat' dir='ltr'><strong>tiam</strong></span> <span class='ocrx_word' id='word_1_271' title='bbox 382 3603 469 3672; x_wconf 71' lang='lat' dir='ltr'><strong>&#39;enim</strong></span> <span class='ocrx_word' id='word_1_272' title='bbox 505 3605 704 3673; x_wconf 88' lang='lat' dir='ltr'><strong>antecedenti</strong></span> <span class='ocrx_word' id='word_1_273' title='bbox 739 3609 929 3674; x_wconf 89' lang='lat' dir='ltr'><strong>contrariam</strong></span> <span class='ocrx_word' id='word_1_274' title='bbox 959 3607 1166 3694; x_wconf 84' lang='lat' dir='ltr'><strong>adiungentes</strong></span> <span class='ocrx_word' id='word_1_275' title='bbox 1193 3611 1306 3679; x_wconf 89' lang='lat' dir='ltr'><strong>Graeci</strong></span> <span class='ocrx_word' id='word_1_276' title='bbox 1333 3634 1407 3700; x_wconf 90' lang='lat' dir='ltr'><strong>par·</strong></span> 
     </span>
     <span class='ocr_line' id='line_1_33' title="bbox 280 3708 1410 3800; baseline 0.005 -23"><span class='ocrx_word' id='word_1_277' title='bbox 280 3708 377 3777; x_wconf 87' lang='lat' dir='ltr'><strong>ticula</strong></span> <span class='ocrx_word' id='word_1_278' title='bbox 409 3708 614 3795; x_wconf 90' lang='lat' dir='ltr'><strong>prohibitoria</strong></span> <span class='ocrx_word' id='word_1_279' title='bbox 647 3713 688 3796; x_wconf 75' lang='grc' dir='ltr'><strong>μή</strong></span> <span class='ocrx_word' id='word_1_280' title='bbox 721 3710 899 3795; x_wconf 85' lang='lat' dir='ltr'><strong>utebantur,</strong></span> <span class='ocrx_word' id='word_1_281' title='bbox 922 3713 1065 3796; x_wconf 78' lang='lat' dir='ltr'><strong>&#39;quacum</strong></span> <span class='ocrx_word' id='word_1_282' title='bbox 1098 3715 1226 3780; x_wconf 88' lang='lat' dir='ltr'><strong>verbum</strong></span> <span class='ocrx_word' id='word_1_283' title='bbox 1260 3717 1410 3800; x_wconf 84' lang='lat' dir='ltr'><strong>coniungi</strong></span> 
     </span>
     <span class='ocr_line' id='line_1_34' title="bbox 281 3813 804 3901; baseline -0.002 -22"><span class='ocrx_word' id='word_1_284' title='bbox 281 3834 345 3880; x_wconf 93' lang='lat' dir='ltr'><strong>non</strong></span> <span class='ocrx_word' id='word_1_285' title='bbox 368 3833 446 3901; x_wconf 90' lang='lat' dir='ltr'><strong>opus</strong></span> <span class='ocrx_word' id='word_1_286' title='bbox 470 3821 546 3898; x_wconf 85' lang='lat' dir='ltr'><strong>erat,</strong></span> <span class='ocrx_word' id='word_1_287' title='bbox 569 3814 654 3881; x_wconf 88' lang='lat' dir='ltr'><strong>velut</strong></span> <span class='ocrx_word' id='word_1_288' title='bbox 675 3813 804 3882; x_wconf 90' lang='lat' dir='ltr'><strong>Homeri</strong></span> 
     </span>
    </p>

    <p class='ocr_par' dir='ltr' id='par_1_9' title="bbox 335 3916 1295 4010">
     <span class='ocr_line' id='line_1_35' title="bbox 335 3916 1295 4010; baseline 0.005 -28"><span class='ocrx_word' id='word_1_289' title='bbox 335 3916 372 3982; x_wconf 88' lang='lat' dir='ltr'><strong>A.</strong></span> <span class='ocrx_word' id='word_1_290' title='bbox 396 3937 440 3983; x_wconf 83' lang='lat' dir='ltr'><strong>vs.</strong></span> <span class='ocrx_word' id='word_1_291' title='bbox 463 3919 536 3985; x_wconf 88' lang='grc'><strong>295.</strong></span> <span class='ocrx_word' id='word_1_292' title='bbox 561 3917 687 3985; x_wconf 77' lang='grc' dir='ltr'><strong>ἄλλοισιν</strong></span> <span class='ocrx_word' id='word_1_293' title='bbox 710 3921 747 4004; x_wconf 74' lang='grc' dir='ltr'><strong>δὴ</strong></span> <span class='ocrx_word' id='word_1_294' title='bbox 771 3918 850 3982; x_wconf 81' lang='grc' dir='ltr'>ταῦτ’</span> <span class='ocrx_word' id='word_1_295' title='bbox 873 3917 1019 3982; x_wconf 76' lang='grc' dir='ltr'><strong>ἐπιτέλλεο</strong></span> <span class='ocrx_word' id='word_1_296' title='bbox 1033 3941 1040 3956; x_wconf 84' lang='grc'><em>·</em></span> <span class='ocrx_word' id='word_1_297' title='bbox 1053 3922 1096 4006; x_wconf 74' lang='lat' dir='ltr'><strong>pq</strong></span> <span class='ocrx_word' id='word_1_298' title='bbox 1118 3923 1171 4010; x_wconf 73' lang='lat' dir='ltr'><strong>qdp</strong></span> <span class='ocrx_word' id='word_1_299' title='bbox 1194 3922 1295 4007; x_wconf 60' lang='grc' dir='ltr'><strong>ἔμεινε.</strong></span> 
     </span>
    </p>

    <p class='ocr_par' dir='ltr' id='par_1_10' title="bbox 281 4020 1412 4315">
     <span class='ocr_line' id='line_1_36' title="bbox 281 4020 1410 4113; baseline 0.008 -28"><span class='ocrx_word' id='word_1_300' title='bbox 281 4020 368 4099; x_wconf 79' lang='lat' dir='ltr'><strong>Quae</strong></span> <span class='ocrx_word' id='word_1_301' title='bbox 402 4020 428 4086; x_wconf 89' lang='lat' dir='ltr'><strong>si</strong></span> <span class='ocrx_word' id='word_1_302' title='bbox 462 4024 618 4108; x_wconf 90' lang='lat' dir='ltr'><strong>oppositio</strong></span> <span class='ocrx_word' id='word_1_303' title='bbox 654 4045 711 4111; x_wconf 90' lang='lat' dir='ltr'><strong>per</strong></span> <span class='ocrx_word' id='word_1_304' title='bbox 747 4023 947 4090; x_wconf 86' lang='lat' dir='ltr'><strong>enuntiatum</strong></span> <span class='ocrx_word' id='word_1_305' title='bbox 985 4023 1203 4094; x_wconf 89' lang='lat' dir='ltr'><strong>condicionale</strong></span> <span class='ocrx_word' id='word_1_306' title='bbox 1239 4026 1410 4113; x_wconf 79' lang='lat' dir='ltr'><strong>protertur,</strong></span> 
     </span>
     <span class='ocr_line' id='line_1_37' title="bbox 282 4121 1412 4218; baseline 0.01 -30"><span class='ocrx_word' id='word_1_307' title='bbox 282 4127 306 4188; x_wconf 80' lang='grc' dir='ltr'><strong>εἰ</strong></span> <span class='ocrx_word' id='word_1_308' title='bbox 327 4121 357 4187; x_wconf 70' lang='grc' dir='ltr'><strong>δὲ</strong></span> <span class='ocrx_word' id='word_1_309' title='bbox 379 4127 421 4209; x_wconf 75' lang='grc' dir='ltr'><strong>μή</strong></span> <span class='ocrx_word' id='word_1_310' title='bbox 443 4125 476 4190; x_wconf 96' lang='lat' dir='ltr'><strong>in</strong></span> <span class='ocrx_word' id='word_1_311' title='bbox 498 4147 557 4193; x_wconf 88' lang='lat' dir='ltr'><strong>usn</strong></span> <span class='ocrx_word' id='word_1_312' title='bbox 579 4133 636 4194; x_wconf 87' lang='lat' dir='ltr'><strong>est.</strong></span> <span class='ocrx_word' id='word_1_313' title='bbox 682 4128 742 4194; x_wconf 92' lang='lat' dir='ltr'><strong>Pro</strong></span> <span class='ocrx_word' id='word_1_314' title='bbox 765 4129 790 4192; x_wconf 78' lang='grc' dir='ltr'><strong>εἰ</strong></span> <span class='ocrx_word' id='word_1_315' title='bbox 812 4125 843 4192; x_wconf 77' lang='grc' dir='ltr'><strong>δὲ</strong></span> <span class='ocrx_word' id='word_1_316' title='bbox 865 4131 906 4213; x_wconf 75' lang='grc' dir='ltr'><strong>μή</strong></span> <span class='ocrx_word' id='word_1_317' title='bbox 930 4125 1051 4195; x_wconf 88' lang='lat' dir='ltr'><strong>duobus</strong></span> <span class='ocrx_word' id='word_1_318' title='bbox 1078 4128 1156 4196; x_wconf 88' lang='lat' dir='ltr'><strong>loeis</strong></span> <span class='ocrx_word' id='word_1_319' title='bbox 1180 4128 1412 4218; x_wconf 85' lang='lat' dir='ltr'><strong>Aristophanes</strong></span> 
     </span>
     <span class='ocr_line' id='line_1_38' title="bbox 282 4225 625 4315; baseline 0.015 -22"><span class='ocrx_word' id='word_1_320' title='bbox 282 4225 382 4293; x_wconf 76' lang='grc' dir='ltr'><strong>ἐὰνδὲ</strong></span> <span class='ocrx_word' id='word_1_321' title='bbox 404 4234 446 4315; x_wconf 79' lang='grc' dir='ltr'><strong>μή</strong></span> <span class='ocrx_word' id='word_1_322' title='bbox 469 4228 625 4298; x_wconf 90' lang='lat' dir='ltr'><strong>adhibuit:</strong></span> 
     </span>
    </p>
   </div>
   <div class='ocr_carea' id='block_1_7' title="bbox 0 0 1546 4664">
    <p class='ocr_par' dir='ltr' id='par_1_11' title="bbox 0 0 1546 4664">
     <span class='ocr_line' id='line_1_39' title="bbox 0 0 1546 4664; baseline 0 0"><span class='ocrx_word' id='word_1_323' title='bbox 0 0 1546 4664; x_wconf 95' lang='lat' dir='ltr'><strong> </strong></span> 
     </span>
    </p>
   </div>
  </div>
 </body>
</html>
