3082 4664
191 964 227 1046 'l.
268 965 467 1045 llnuntiata
494 965 765 1061 condicionalis,
793 985 886 1064 quae
914 983 938 1044 ει
962 965 1144 1066 particula
1171 977 1251 1044 cum
1290 1037 1292 1042 .

431 1084 627 1164 indicativo
654 1085 779 1163 iuncta
806 1086 1020 1164 formantur.

26 959 64 1044 mpii

72 1039 76 1101 Ι

26 1190 59 1251 ipsit
1185 1227 1187 1230 .

26 1276 59 1338 usin
248 1272 440 1340 lndioativus
456 1273 495 1338 de
506 1273 545 1338 iis
562 1274 698 1358 ponitur,
714 1291 795 1355 quae
811 1280 884 1338 sunt
898 1282 952 1340 aut
967 1295 1037 1341 esse
1051 1273 1281 1359 praedicantur.

26 1398 55 1464 po
163 1363 343 1444 Particulae
365 1377 389 1438 εἰ
411 1376 437 1440 si
453 1375 657 1456 subiungitur,
674 1393 752 1457 quae
775 1375 902 1460 proprie
925 1396 990 1441 rem
1013 1378 1093 1443 sumi
1117 1377 1282 1459 significat,

26 1485 76 1563 itu,
163 1479 203 1547 de
225 1481 255 1545 vi
279 1499 373 1564 quam
399 1480 432 1543 in
459 1477 628 1544 enuntiatis
655 1476 761 1541 liberis
788 1475 884 1542 habet
905 1477 982 1542 nihil
1003 1481 1095 1564 perit.
1138 1478 1227 1556 Quod
1249 1487 1284 1544 ut

26 1589 52 1652 oio
163 1584 289 1649 eluceat
312 1583 401 1666 (nam
425 1581 560 1661 fuerunt,
583 1580 635 1663 qui
658 1579 839 1662 negarent),
854 1578 1031 1646 adscribam
1046 1582 1149 1648 locum
1171 1580 1282 1648 Eccle-

26 1693 46 1755 ul
164 1687 358 1752 siauusarum
381 1705 425 1750 vs.
449 1687 506 1748 21:
530 1681 701 1764 καταλαβεῖν
723 1679 829 1766 δ’ἡμᾶς
851 1683 943 1770 ἕδρας,

368 1792 403 1859 ἃς
425 1789 596 1876 Φυρόμαχός
617 1780 678 1850 τοτ’
692 1786 775 1863 εἶπεν,
799 1785 823 1851 εἰ
845 1785 1000 1872 μέμνησθ’·
1012 1789 1061 1866 ἔτι,

368 1895 409 1957 δεῖ
431 1896 484 1965 τοίς
505 1895 604 1981 ἑτέρας
625 1915 687 1963 τοις
709 1893 963 1977 κάγκαθεζομένας
981 1895 1096 1959 λαθεῖν.

250 1997 356 2065 Potuit
372 1998 597 2084 Aristophanes
612 1999 699 2064 nullo
722 2018 831 2065 sensus
854 1997 1035 2066 discrimine
1050 1998 1238 2086 partiendam
1261 1999 1285 2060 εἰ

166 2100 318 2183 omittere,
342 2102 418 2168 satis
434 2110 501 2168 erat
515 2103 694 2187 scripsisse:
717 2099 861 2185 μέμνησθ’
874 2102 927 2184 ἔτη
950 2101 1033 2186 quod
1055 2101 1188 2169 traditur
1214 2121 1283 2168 ver·

34 2241 42 2252 ·
165 2202 294 2298 tendum
317 2211 378 2270 est:
401 2205 452 2270 ich
475 2205 590 2271 nehme
618 2226 669 2287 an,
697 2205 746 2270 ihr
772 2207 910 2272 erinnert
937 2206 1016 2272 euch
1039 2205 1130 2272 noch.
1174 2201 1284 2288 Neque

162 2305 241 2371 illud
257 2307 363 2392 primo,
374 2308 484 2374 obtutu
499 2308 577 2374 latet
590 2308 631 2374 de
646 2315 754 2373 mutua
775 2309 985 2375 membrorum
1010 2309 1174 2390 relatione,
1190 2328 1284 2392 qnam

163 2416 306 2494 crepant,
329 2411 362 2474 in
384 2410 444 2476 hoc
467 2412 612 2495 exemplo
636 2411 718 2476 male
741 2417 845 2476 actum
869 2417 949 2478 esse.
983 2412 1109 2478 Etenim
1127 2413 1153 2479 si
1168 2429 1284 2496 acqua-

164 2511 316 2577 bilitatem
344 2513 482 2580 nativam
509 2501 679 2583 enuntiatis
706 2513 973 2582 condicionalibus
1000 2517 1104 2582 inesse
1130 2515 1284 2595 statuitur,

77 2612 80 2625 '
164 2634 259 2698 quam
271 2615 399 2682 tandem
413 2619 567 2702 apodcsin
574 2618 676 2684 verbis
688 2619 712 2680 εἰ
723 2617 867 2702 μέμνησθ’
874 2621 913 2681 ἔτι
923 2617 1117 2686 tribuamus?
1128 2616 1282 2702 Equidem

76 2716 79 2725 '
163 2717 242 2784 nihd
269 2719 480 2805 supplendum
507 2742 577 2788 esse
600 2741 724 2804 censeo,
750 2723 844 2789 modo
870 2732 1034 2789 teneamus
1061 2721 1236 2808 particulae
1262 2723 1286 2784 εἰ

164 2823 326 2888 notionem
348 2843 440 2906 quam
463 2823 614 2890 vertendo
637 2825 948 2911 circumscripsimus.

169 2990 171 2996 ,
208 2995 209 2998 Ἴ
250 2923 347 2991 Ροιιο
374 2926 434 2991 hnc
461 2926 627 2993 referenda
653 2934 728 2993 sunt
754 2929 917 2994 enuntiata
939 2915 1184 3012 condicionalia,¹
1205 2949 1285 3014 quae

76 3054 80 3111 ι
165 3027 431 3094 substantivorum
454 3031 522 3094 vice
544 3029 724 3112 funguntur,
743 3031 827 3097 velut

76 3122 79 3141 ’
269 3129 362 3216 Vesp.
388 3153 431 3198 vs.
455 3132 565 3219 418do
587 3135 668 3204 τολις
691 3134 737 3196 καί
760 3135 874 3221 Θεώρου
897 3135 1088 3222 θεοισεχθρία,

538 3240 580 3302 κεῖ
602 3261 643 3309 τις
665 3239 758 3308 ἄλλος
780 3242 952 3327 προέστηκεν
975 3242 1059 3324 ἡμῶν
1082 3228 1183 3312 κόλαξ.

167 3340 284 3414 Rebus·
307 3344 411 3428 priore
449 3364 540 3410 versu
573 3344 734 3410 advocatis
769 3345 849 3411 alter
881 3365 990 3410 versus
1024 3343 1114 3410 addit
1144 3343 1284 3408 tertium:

166 3446 251 3512 urbis
264 3453 487 3514 assentatores.
511 3445 610 3512 Nemo
624 3446 887 3532 supplementum,
901 3465 961 3531 quo
972 3437 1126 3512 efficiatur
1138 3443 1286 3530 epodosis

167 3549 320 3614 enuntiati
342 3549 578 3632 condicionalis,
594 3549 794 3616 desiderabit.
829 3549 950 3615 Eodem
966 3549 1060 3615 modo
1076 3550 1286 3618 accusativum

78 3732 79 3738 ρ
167 3651 330 3737 excipiunt
353 3654 516 3719 enuntiata
536 3653 768 3738 condicionalis
789 3654 822 3716 in
846 3652 917 3738 Lys.
941 3672 985 3717 vs.
1009 3652 1082 3716 579.
1355 3653 1357 3658 ’
1477 3641 1479 3646 ’

78 3751 80 3759 ’
234 3755 294 3818 εἶτα
322 3756 438 3845 (ἐχρῆν)
467 3747 566 3830 ξαίνειν
595 3757 625 3827 ἐς
653 3757 830 3820 καλαθίσκον
858 3755 952 3839 κοινὴν
975 3756 1080 3818 εὔνοιαν
1104 3758 1238 3832 ἅπαντας,

233 3865 452 3946 καταμιγνύντας
474 3865 540 3934 τοίις
561 3885 592 3926 τε
614 3864 760 3946 μετοίκους
781 3863 823 3926 κεί
844 3883 886 3931 τις
908 3850 1030 3944 Εένοςή
1054 3861 1138 3947 φίλος
1161 3860 1232 3945 ὑμῖν,

74 4024 78 4046 ,
233 3970 276 4032 κεί
297 3991 338 4039 τις
361 3970 468 4055 ὀφείλει
490 3969 532 4055 τῷ
553 3971 692 4054 δημοσίῳ,
717 3969 763 4030 καί
785 3967 900 4036 τούτους
922 3956 1112 4051 έηκαταμῑξαι.

74 4060 76 4071 ’
167 4070 253 4142 Eccl.
271 4095 315 4144 vs.
333 4075 404 4154 679.
430 4074 476 4159 (τὸ
500 4075 580 4159 βῆμα
599 4075 754 4162 χρήσιμον)
771 4073 911 4159 ῥαψῳδεῖν
934 4073 1011 4135 ἔσται
1033 4080 1091 4142 τοῖς
1112 4073 1287 4159 παιδαρίοισιν

72 4189 74 4201 '
152 4189 154 4196 “
433 4179 498 4251 τοὺς
517 4182 659 4269 ἀνδρείους
673 4181 702 4242 ἐν
717 4180 758 4264 τη]
773 4180 901 4263 πολέμῳ,
918 4179 960 4240 κεῖ
974 4201 1014 4248 τις
1028 4177 1121 4248 δειλὸς
1134 4180 1286 4261 ηεηένηται.

687 4279 690 4285 ’
1105 4282 1117 4333 1
