3082 4664
686 227 897 286 „22..

232 413 397 478 diversitas
426 415 510 478 nulla
533 415 756 479 sententiarum
785 414 935 478 varietate
963 413 1046 478 iacta
1074 425 1209 479 maneat.
1247 413 1354 498 Neque

231 516 395 581 Schmidtii
417 538 518 600 neque
539 516 728 582 Batauorum
749 537 886 581 errorem
909 517 1074 582 refutando
1095 501 1220 602 tempus
1244 526 1354 599 teram,

233 641 302 685 cum
342 619 412 686 aliis
450 607 588 685 dicendi
614 620 722 685 formis
751 618 839 692 ,haec
881 621 1071 685 constructio
1109 621 1224 686 firmari
1262 631 1355 705 atque

232 725 364 790 stabiliri
388 726 497 810 possit.
543 722 681 786 Primum
707 723 790 812 enim
814 743 988 808 pronomen
1012 723 1175 789 relativum
1192 747 1262 790 cum
1280 747 1355 792 cou-

232 828 369 892 iunctiro
402 828 542 896 iunctum
577 826 759 911 plerumque
793 826 979 912 particulam
1015 831 1048 890 ἄν
1086 809 1229 910 adscivit,
1266 829 1355 894 cuius

232 933 369 998 omissae
407 932 580 1018 particulae
619 938 767 1016 quattuor
805 930 889 1016 apud
929 931 1172 1016 Aristophanem
1211 933 1356 1018 exempla

237 1035 530 1101 inr'ouiunturz'Av.
555 1036 626 1098 928.
674 1035 746 1121 Lys.
778 1056 821 1100 us.
852 1036 932 1106 1201
964 1035 1032 1115 (ubi
1062 1035 1152 1116 vulgo
1187 1059 1225 1101 ex
1254 1036 1355 1102 Bothii

233 1141 414 1204 coniectura
436 1130 512 1224 χᾶττ’
539 1142 573 1201 ἄν
596 1138 721 1220 legitur)
738 1137 823 1203 Eccl.
841 1159 883 1204 us.
902 1139 963 1200 687
987 1136 1022 1201 R.
1040 1158 1084 1202 vs.
1103 1139 1194 1200 1163.
1235 1138 1356 1204 Deinde

234 1245 303 1330 plus
332 1244 430 1308 semel
457 1245 518 1330 πρίν
547 1263 573 1306 c.
604 1243 801 1308 coniunctivo
836 1243 875 1306 ab
904 1239 1115 1326 Aristophane
1149 1264 1205 1326 pro
1239 1245 1356 1310 usitato

234 1351 295 1438 πρὶν
319 1353 354 1412 ἄν
378 1369 404 1414 c.
430 1349 626 1413 coniunctiuo
651 1335 825 1432 usurpatur,
850 1345 889 1410 de
913 1367 973 1430 quo
997 1345 1068 1410 vide
1091 1347 1200 1412 Kochii
1226 1348 1357 1414 adnota-
1422 1351 1425 1358 '

233 1457 351 1521 tionem
380 1453 421 1518 ad
450 1453 526 1516 Rau.
558 1472 601 1516 vs.
628 1453 719 1514 1281.
766 1450 912 1515 Omnium
943 1450 1053 1516 harum
1081 1453 1251 1517 formarum
1280 1454 1375 1537 ratio,

235 1579 365 1644 prorsus
389 1555 500 1620 eadem
525 1563 572 1620 est
595 1575 696 1637 neque
720 1554 823 1618 invitis
851 1554 939 1618 libris
963 1556 1184 1641 manuscriptis
1207 1562 1252 1621 tot
1274 1557 1360 1624 locos

235 1661 389 1742 corrigere
417 1659 492 1722 licet
512 1671 581 1722 'non
610 1657 710 1722 solum
739 1656 959 1742 Aristophanis
987 1657 1044 1722 sed
1078 1659 1172 1723 etiam
1199 1658 1359 1744 Aeschyli,
1426 1657 1428 1662 ’

235 1762 411 1848 Sophoclis,
436 1760 594 1845 Euripidis
617 1761 679 1824 nisi
703 1761 731 1823 ei
755 1760 807 1842 qui
830 1766 861 1825 et
883 1761 996 1825 rationi
1024 1780 1120 1826 sanae
1148 1769 1179 1826 et
1206 1747 1358 1829 sermonis

234 1868 338 1950 graeci
363 1875 493 1930 naturae
510 1865 660 1945 refragari
678 1863 909 1928 coniunctirum
926 1864 1044 1929 omissa
1058 1866 1214 1949 particula
1229 1866 1359 1934 demon-

235 1970 390 2036 straverit.
437 1968 515 2032 Gum
543 1967 625 2032 hano
650 1965 956 2056 *demonstrationem
991 1987 1053 2033 non
1086 1968 1228 2050 viderim,
1263 1972 1359 2038 satius

235 2083 291 2155 est,
321 2072 465 2138 codicum
493 2071 712 2135 auctoritatem
739 2069 827 2152 sequi
854 2089 946 2152 quam
976 2072 1145 2158 scriptores
1179 2072 1219 2138 ad
1253 2075 1359 2142 fictam

235 2167 360 2243 dicendi
400 2193 542 2240 normam
576 2193 720 2258 purgare.
765 2170 842 2236 lude
876 2173 914 2236 ah
950 2172 1078 2239 Homeri
1116 2182 1219 2242 aetate
1253 2177 1357 2256 nudae

236 2280 409 2367 particulae
444 2279 469 2371 ei
500 2297 573 2342 oum
610 2277 808 2342 coniunctivo
847 2276 1014 2360 copulatae
1052 2297 1126 2342 usus
1166 2281 1265 2346 rarior
1301 2288 1358 2363 est,

235 2389 351 2471 quippe
381 2406 452 2450 cum
475 2384 524 2446 ἐάν
553 2383 619 2448 eius
647 2382 751 2447 locum
776 2380 939 2460 obtineret,
968 2379 1024 2445 sed
1047 2391 1232 2449 senescente
1254 2385 1362 2469 lingua
1414 2397 1418 2406 '

235 2491 367 2566 Graeca,
391 2489 633 2574 Byzantinorum
658 2493 772 2566 aetate,
796 2485 875 2550 haec
898 2487 1088 2552 constructio
1111 2488 1143 2552 in
1167 2489 1359 2567 cotidianum

240 2617 328 2660 usum
353 2595 437 2658 abiit.
500 2596 503 2604 ’

696 2688 900 2706 *wsNwNsf-N,

213 2791 216 2797 ι
269 2835 311 2911 ΙΙ.
353 2832 549 2910 llnuutiata
576 2829 851 2921 condicionalis,
879 2851 972 2928 quas
999 2851 1023 2910 a
1046 2834 1229 2932 particula
1257 2859 1335 2915 cum
1378 2893 1382 2904 .

497 2951 658 3052 optativo
686 2950 856 3060 copulata
882 2955 1095 3054 thrmuutur,

323 3125 431 3189 Solent
467 3123 665 3205 grammatici
701 3128 774 3206 post
811 3123 970 3187 enuntiata
1011 3121 1248 3202 condicionalia,
1283 3144 1362 3208 quae

237 3229 391 3314 particula
413 3229 437 3290 εἰ
459 3247 531 3290 cum
552 3223 722 3289 indicativo
745 3225 852 3290 iuncta
873 3224 1123 3302 introducuntur,
1146 3231 1284 3291 tractare
1314 3247 1362 3310 ea,

238 3355 317 3417 quae
340 3354 360 3398 a
382 3333 557 3417 composita
572 3330 726 3415 particula
749 3331 797 3394 ἐάν
815 3332 855 3414 (εἰ
871 3331 918 3414 ἄν)
935 3333 980 3416 ἤν,
997 3335 1048 3394 κᾶν
1065 3330 1230 3415 incipiunt;
1248 3330 1362 3398 deinde

205 3469 207 3476 ⁴
240 3437 370 3502 redeunt
397 3425 438 3502 ad
461 3440 485 3500 εἰ
507 3438 694 3523 particulam
717 3456 787 3501 cum
811 3437 950 3522 optativo
975 3439 1120 3502 iunctam.
1167 3435 1230 3500 Sed
1253 3458 1362 3521 quam-

239 3563 331 3626 quam
360 3542 523 3609 modorum
552 3540 716 3608 diversitas
752 3544 881 3608 maximi
908 3542 1058 3608 momenti
1092 3539 1134 3604 ad
1168 3527 1364 3610 secernenda

198 3727 201 3733 Ι
239 3647 471 3712 enuntiatorum
499 3666 618 3729 genera
645 3653 700 3728 est,
727 3653 844 3725 tamen,
869 3667 939 3711 cum
964 3654 995 3711 et
1022 3644 1301 3731 originiproprius
1324 3649 1365 3714 sit
1388 3729 1390 3736 s

239 3750 298 3816 h'oc
320 3744 419 3833 ⁴genus
443 3751 676 3816 enuntiatorum
700 3748 963 3816 condicionalium
988 3748 1124 3832 optativo
1146 3751 1317 3832 positorum
1334 3759 1365 3816 et

240 3853 392 3940 simplicis
420 3838 599 3939 particulae
615 3857 644 3917 ἐἰ
670 3860 743 3918 ante
771 3856 963 3937 compositae
991 3872 1080 3916 usum
1111 3859 1246 3918 tractare
1279 3853 1363 3920 haud

239 3961 380 4045 ineptum
402 3957 555 4042 videatur,
578 3961 737 4026 inversum
760 3958 901 4024 ordinem
926 3958 1130 4023 servabimus.

326 4062 473 4149 Optativo
497 4064 712 4146 significantur
734 4083 781 4146 ea,
799 4083 878 4146 quae
901 4061 970 4127 sola
993 4068 1098 4126 monte
1122 4067 1153 4126 et
1173 4063 1363 4144 cogitatione

97 4197 100 4204 ⁴
241 4167 307 4233 eius
325 4169 377 4252 qui
392 4168 529 4252 loquitur
545 4169 752 4254 continentur,
766 4187 866 4254 neque
883 4165 1127 4253 cum-particula
1142 4167 1166 4228 εἰ
1180 4165 1364 4236 coniunctus
