3082 4664
259 204 300 270 Vl

259 393 335 478 Equ
359 394 465 474 404⁸)
488 394 549 456 eide
571 394 701 479 φαύλως,
726 373 821 480 ὥσπέρ
845 395 934 480 εὗρες,
957 394 1090 478 ἐκβάλοις
1112 393 1164 478 τὴν
1188 395 1307 458 ἔνθεσιν.

358 497 454 583 ᾄσαιμι
476 499 529 586 qdp
551 496 610 562 τότ’
622 502 657 561 ᾶν
680 502 775 582 μόνον,
804 506 873 579 πῖνε,
897 497 952 561 πῖν’
965 499 1009 562 ἐπὶ
1032 481 1199 587 συμφοραῖςζ
1244 499 1384 564 Alterum

259 603 332 669 Pac.
355 605 427 667 346.
451 605 475 667 ei
496 606 551 692 γὰρ
574 601 705 687 ἐκγένοιτ’
718 604 783 666 ἰδεῖν
805 605 912 687 ταύτην
935 606 972 688 μέ
994 627 1061 668 ποτε
1083 605 1135 690 τὴν
1158 607 1278 693 ἡμέραν.

356 711 429 774 349.
452 708 561 773 κούκέτ’
577 713 612 772 ἄν
636 706 666 792 μ’
684 709 773 796 siper:
796 707 931 793 δικαστὴν
956 709 1052 797 δριμὺν
1075 710 1139 774 οὐδὲ
1160 712 1300 775 δύσκολον
1322 712 1385 774 κτλ.

345 816 446 900 Atque
469 821 503 880 ut
526 813 565 879 de
589 815 617 877 vi
641 813 850 880 condicionali
880 815 1111 881 enuntiatorum
1139 817 1248 883 horum
1271 818 1387 902 optati·

258 939 366 984 vorum
390 919 492 984 omnis
516 915 670 983 dubitatio
693 917 830 998 tollatur,
859 918 928 1002 ipse
950 919 1090 986 comicus
1115 919 1227 1004 prioris
1250 919 1388 1005 exempli

258 1023 448 1087 sententiam
471 1019 600 1105 paulum
624 1020 775 1084 variatam
801 1021 847 1084 sic
870 1022 1038 1105 expressit:

258 1125 337 1209 Equ.
362 1126 434 1189 973.
462 1125 574 1210 ἥδιστον
603 1109 678 1210 qdoc
704 1123 816 1211 ἡμέρας
842 1124 920 1186 ἔσται
944 1173 951 1188 .
976 1173 984 1188 .
1008 1177 1016 1191 .
1039 1127 1076 1210 ἡν
1104 1126 1207 1189 Κλέων
1235 1126 1386 1210 ἀπόληται.

345 1229 494 1306 Quamvis
526 1228 622 1310 igitur
654 1247 695 1292 ne
729 1227 950 1313 Aristophanis
983 1228 1110 1313 quidem
1144 1239 1247 1295 aetate
1285 1229 1390 1296 desint

259 1333 401 1414 uestigia,
424 1332 535 1416 quibus
558 1329 714 1415 quomodo
737 1331 926 1397 conformari
954 1334 1091 1417 potuerit
1118 1332 1265 1418 periodus
1289 1333 1387 1420 hypo·

258 1435 377 1502 thetica
388 1435 555 1520 perspicue
568 1439 784 1514 cognoscatur,
796 1440 904 1499 tamen
915 1433 991 1499 inde
1003 1435 1043 1500 ab
1054 1433 1183 1500 Homeri
1195 1438 1387 1521 temporibus

259 1538 347 1604 nulla
362 1538 427 1604 fere
442 1557 553 1602 sensus
568 1535 699 1621 optativi
716 1536 836 1601 ratione
851 1535 960 1601 habita
974 1539 1208 1603 enuntiationes
1228 1539 1387 1606 condicio·
1461 1551 1465 1564 '

260 1642 348 1707 nales
385 1639 582 1724 amplissima
617 1639 816 1704 incrementa
853 1640 976 1725 cepisse
1008 1640 1079 1725 ipsa
1116 1642 1274 1726 paucitate
1313 1645 1384 1710 satis

259 1745 486 1836 demonstrant.
526 1741 761 1808 Sententiarum
777 1742 806 1805 vi
822 1742 891 1808 sola
905 1743 1012 1808 variae
1027 1742 1248 1810 condicionum
1268 1745 1388 1812 formae

259 1855 364 1914 certas
400 1845 552 1930 quasdam
587 1850 621 1910 et
648 1844 793 1910 definitas
820 1847 909 1927 quasi
943 1846 1120 1931 provincias
1147 1859 1390 1932 occupaverunt,

259 1960 294 2018 ut
325 1950 444 2036 protasi
478 1946 760 2032 quomodocunque
793 1956 966 2033 conceptae
999 1948 1205 2036 responderet
1240 1949 1387 2034 epodosis
1479 1970 1482 1981 ·

259 2073 408 2137 congma.
455 2049 563 2135 Neque
596 2070 680 2132 vero,
715 2050 741 2115 si
775 2070 855 2134 quae
888 2054 1109 2135 praemisimus
1144 2073 1218 2118 uera
1251 2059 1332 2132 sunt,
1355 2054 1387 2118 in

262 2176 399 2223 errorem
429 2153 524 2220 hodic
557 2154 774 2239 pervulgatum
809 2154 1013 2237 incurremus,
1042 2176 1102 2240 quo
1136 2176 1239 2221 errore
1273 2176 1389 2240 aequa·
1460 2218 1467 2237 ,

261 2260 416 2326 bilitatem
458 2257 545 2322 illam
591 2257 802 2322 membrorum
847 2256 1111 2323 condicionalium
1157 2260 1389 2324 enuntiatorum
1482 2324 1485 2343 ι

260 2383 417 2430 summam
440 2362 543 2442 legem
567 2367 688 2445 putant,
712 2380 792 2443 quae
819 2360 846 2424 si
873 2360 1014 2442 violetur,
1038 2361 1257 2446 supplemento
1284 2363 1389 2428 animo
1484 2353 1485 2417 ἶ

261 2468 417 2550 loquentis
440 2463 648 2549 supponendo
672 2470 765 2548 atque
787 2463 865 2547 ipsis
887 2465 1096 2549 pronuntiatis
1112 2466 1215 2531 verbis
1233 2465 1389 2531 interdum

262 2569 380 2635 maiore
410 2568 591 2632 restituatur
617 2585 748 2631 neeesse
775 2572 832 2631 cst.
878 2564 976 2632 immo
1004 2572 1158 2649 tenemus,
1186 2588 1267 2652 quae
1299 2570 1391 2635 uobis

262 2673 423 2758 ellipticae
446 2668 593 2734 videntur
615 2668 778 2749 formulae,
802 2688 842 2733 ex
864 2676 972 2734 vetere
994 2672 1149 2737 sermonis
1171 2692 1229 2736 usu
1251 2681 1392 2737 servatas

263 2796 342 2857 esse,
370 2777 403 2840 in
437 2793 497 2856 quo
531 2771 700 2837 enuntiatis
733 2773 937 2857 posteriorem
972 2775 1216 2842 concinnitatem
1251 2773 1388 2840 nondum

263 2879 405 2943 homines
428 2875 643 2957 assignabant.
682 2874 745 2939 Sed
768 2874 808 2940 de
830 2874 878 2942 his
900 2877 1069 2943 enuntiatis
1085 2878 1278 2960 gravioribus
1297 2898 1389 2959 argu·

264 2983 378 3047 mentis
402 2979 505 3044 allatis
528 2998 584 3043 suo
606 2977 677 3042 loco
699 2984 818 3060 agetur.
1155 3053 1158 3062 ,

354 3082 483 3148 Vastam
512 3081 744 3146 enuntiatorum
772 3081 1046 3164 condicionalium,
1073 3081 1178 3166 qualia
1202 3082 1235 3147 in
1267 3084 1392 3149 exculta

263 3188 372 3270 lingua
400 3183 524 3250 Graeca
555 3190 637 3264 sunt,
664 3184 788 3269 copiam
822 3184 982 3268 digestum
1017 3183 1212 3251 secernenda
1245 3195 1317 3250 sunt
1343 3207 1391 3269 ea,

265 3309 346 3374 quae
367 3288 530 3374 particulis
546 3288 570 3350 ei
585 3294 618 3352 et
632 3287 682 3349 ἐὰν
696 3287 944 3370 introducuntur,
960 3289 1000 3354 ab
1016 3289 1054 3354 iis
1069 3289 1101 3353 in
1121 3288 1231 3372 quibus
1247 3287 1391 3356 condicio

266 3395 427 3459 enuntiato
449 3392 598 3476 primario
622 3393 813 3477 exprimitur.
859 3391 961 3475 Atque
987 3412 1058 3458 cum
1085 3393 1118 3455 in
1145 3391 1248 3476 priore
1275 3411 1391 3474 genere

265 3495 502 3562 coniunctiones
535 3504 589 3560 aut
620 3499 722 3559 certus
756 3489 868 3559 modus
901 3502 1048 3578 sequatur
1078 3501 1132 3559 aut
1159 3492 1251 3575 desit,
1277 3514 1391 3560 nouam

265 3598 340 3664 inde
349 3598 485 3681 petimus
496 3595 656 3662 dividendi
666 3597 823 3662 rationem
834 3604 866 3660 et
875 3596 1090 3679 quaestionem
1102 3595 1144 3661 de
1154 3598 1390 3664 enuntiatorum

266 3700 530 3770 condicionalium
546 3699 631 3785 apud
644 3698 888 3785 Aristophanem
900 3697 1008 3765 formis
1020 3705 1054 3766 et
1066 3720 1124 3765 usu
1136 3699 1180 3764 ita
1191 3700 1391 3766 instituemus

264 3815 299 3872 ut
321 3828 341 3873 a
361 3806 517 3890 particula
548 3806 573 3867 εἰ
595 3823 665 3869 cum
688 3802 858 3868 indicativo
880 3803 1050 3868 coniuncta
1072 3803 1195 3868 initium
1218 3803 1391 3889 capiamus,

265 3939 471 3950 ——n—

351 3996 377 4066 *)
396 3996 429 4050 In
452 3993 625 4049 numerandis
647 3993 771 4047 versibus
797 3990 935 4046 Dindorfii
961 3991 1108 4048 editionem
1135 3997 1277 4064 poetarum
1304 3993 1392 4047 sceni-

265 4099 359 4140 corum
377 4082 543 4138 Graecorum
562 4080 685 4148 quintam
702 4082 811 4133 secutus
829 4095 897 4134 sum.

728 4203 932 4219 wmmnmm
