<?xml version="1.0" encoding="UTF-8"?>
<!DOCTYPE html PUBLIC "-//W3C//DTD XHTML 1.0 Transitional//EN"
    "http://www.w3.org/TR/xhtml1/DTD/xhtml1-transitional.dtd">
<html xmlns="http://www.w3.org/1999/xhtml" xml:lang="en" lang="en">
 <head>
  <title>
</title>
<meta http-equiv="Content-Type" content="text/html;charset=utf-8" />
  <meta name='ocr-system' content='tesseract 3.04.00' />
  <meta name='ocr-capabilities' content='ocr_page ocr_carea ocr_par ocr_line ocrx_word'/>
</head>
<body>
  <div class='ocr_page' id='page_1' title='image "./deenuntiatorumc00petrgoog_0032.png"; bbox 0 0 3082 4664; ppageno 0'>
   <div class='ocr_carea' id='block_1_1' title="bbox 650 276 861 360">
    <p class='ocr_par' dir='ltr' id='par_1_1' title="bbox 650 276 861 360">
     <span class='ocr_line' id='line_1_1' title="bbox 650 276 861 360; baseline 0.009 -22"><span class='ocrx_word' id='word_1_1' title='bbox 650 276 861 360; x_wconf 69' lang='lat'><strong>—.21,-</strong></span> 
     </span>
    </p>
   </div>
   <div class='ocr_carea' id='block_1_2' title="bbox 160 463 1352 3996">
    <p class='ocr_par' dir='ltr' id='par_1_2' title="bbox 160 463 1352 3265">
     <span class='ocr_line' id='line_1_2' title="bbox 194 463 1321 550; baseline 0.001 -19"><span class='ocrx_word' id='word_1_2' title='bbox 194 465 288 532; x_wconf 88' lang='lat' dir='ltr'><strong>Vetus</strong></span> <span class='ocrx_word' id='word_1_3' title='bbox 312 473 360 532; x_wconf 98' lang='grc' dir='ltr'><strong>θεῖ</strong></span> <span class='ocrx_word' id='word_1_4' title='bbox 390 464 550 530; x_wconf 90' lang='lat' dir='ltr'><strong>hominum</strong></span> <span class='ocrx_word' id='word_1_5' title='bbox 576 463 737 530; x_wconf 86' lang='lat' dir='ltr'><strong>doctorum</strong></span> <span class='ocrx_word' id='word_1_6' title='bbox 762 465 939 550; x_wconf 80' lang='lat' dir='ltr'><strong>discidium,</strong></span> <span class='ocrx_word' id='word_1_7' title='bbox 963 473 1065 531; x_wconf 90' lang='lat' dir='ltr'><strong>utrum</strong></span> <span class='ocrx_word' id='word_1_8' title='bbox 1093 465 1259 532; x_wconf 88' lang='lat' dir='ltr'><strong>toleranda</strong></span> <span class='ocrx_word' id='word_1_9' title='bbox 1280 468 1321 532; x_wconf 88' lang='lat' dir='ltr'><strong>sit</strong></span> 
     </span>
     <span class='ocr_line' id='line_1_3' title="bbox 191 567 1319 654; baseline 0 -19"><span class='ocrx_word' id='word_1_10' title='bbox 191 589 230 635; x_wconf 87' lang='lat' dir='ltr'><strong>ee</strong></span> <span class='ocrx_word' id='word_1_11' title='bbox 252 568 455 650; x_wconf 77' lang='lat' dir='ltr'><strong>constructio,</strong></span> <span class='ocrx_word' id='word_1_12' title='bbox 479 586 520 632; x_wconf 89' lang='lat' dir='ltr'><strong>en</strong></span> <span class='ocrx_word' id='word_1_13' title='bbox 543 567 758 654; x_wconf 86' lang='lat' dir='ltr'><strong>exstirpanda.</strong></span> <span class='ocrx_word' id='word_1_14' title='bbox 793 568 994 635; x_wconf 88' lang='lat' dir='ltr'><strong>Hermennus</strong></span> <span class='ocrx_word' id='word_1_15' title='bbox 1017 569 1175 634; x_wconf 89' lang='lat' dir='ltr'><strong>uberrime</strong></span> <span class='ocrx_word' id='word_1_16' title='bbox 1198 569 1238 634; x_wconf 90' lang='lat' dir='ltr'><strong>de</strong></span> <span class='ocrx_word' id='word_1_17' title='bbox 1259 567 1319 635; x_wconf 88' lang='lat' dir='ltr'><strong>hac</strong></span> 
     </span>
     <span class='ocr_line' id='line_1_4' title="bbox 190 669 1319 758; baseline 0 -21"><span class='ocrx_word' id='word_1_18' title='bbox 190 672 377 757; x_wconf 72' lang='lat' dir='ltr'><strong>quaestione</strong></span> <span class='ocrx_word' id='word_1_19' title='bbox 411 670 476 753; x_wconf 84' lang='lat' dir='ltr'><strong>egit</strong></span> <span class='ocrx_word' id='word_1_20' title='bbox 507 671 540 735; x_wconf 93' lang='lat' dir='ltr'><strong>in</strong></span> <span class='ocrx_word' id='word_1_21' title='bbox 572 669 661 738; x_wconf 88' lang='lat' dir='ltr'><strong>libris</strong></span> <span class='ocrx_word' id='word_1_22' title='bbox 695 670 735 737; x_wconf 92' lang='lat' dir='ltr'><strong>de</strong></span> <span class='ocrx_word' id='word_1_23' title='bbox 762 671 919 758; x_wconf 86' lang='lat' dir='ltr'><strong>particule</strong></span> <span class='ocrx_word' id='word_1_24' title='bbox 945 676 979 736; x_wconf 81' lang='grc' dir='ltr'><strong>ἄν</strong></span> <span class='ocrx_word' id='word_1_25' title='bbox 1006 693 1037 758; x_wconf 90' lang='lat' dir='ltr'><strong>p.</strong></span> <span class='ocrx_word' id='word_1_26' title='bbox 1067 673 1108 736; x_wconf 84' lang='lat'><strong>95</strong></span> <span class='ocrx_word' id='word_1_27' title='bbox 1135 693 1213 757; x_wconf 85' lang='lat' dir='ltr'><strong>sqq,</strong></span> <span class='ocrx_word' id='word_1_28' title='bbox 1241 671 1319 737; x_wconf 93' lang='lat' dir='ltr'><strong>illud</strong></span> 
     </span>
     <span class='ocr_line' id='line_1_5' title="bbox 191 776 1318 864; baseline 0.001 -21"><span class='ocrx_word' id='word_1_29' title='bbox 191 777 318 862; x_wconf 88' lang='lat' dir='ltr'><strong>quidem</strong></span> <span class='ocrx_word' id='word_1_30' title='bbox 348 783 435 852; x_wconf 91' lang='lat' dir='ltr'><strong>recte</strong></span> <span class='ocrx_word' id='word_1_31' title='bbox 462 781 612 856; x_wconf 87' lang='lat' dir='ltr'><strong>statuens,</strong></span> <span class='ocrx_word' id='word_1_32' title='bbox 641 776 715 842; x_wconf 86' lang='lat' dir='ltr'><strong>ferri</strong></span> <span class='ocrx_word' id='word_1_33' title='bbox 741 797 836 863; x_wconf 90' lang='lat' dir='ltr'><strong>posse</strong></span> <span class='ocrx_word' id='word_1_34' title='bbox 868 777 1056 864; x_wconf 81' lang='lat' dir='ltr'><strong>particulam</strong></span> <span class='ocrx_word' id='word_1_35' title='bbox 1085 779 1110 841; x_wconf 83' lang='grc' dir='ltr'><strong>εἰ</strong></span> <span class='ocrx_word' id='word_1_36' title='bbox 1137 797 1208 843; x_wconf 93' lang='lat' dir='ltr'><strong>cnm</strong></span> <span class='ocrx_word' id='word_1_37' title='bbox 1243 797 1318 844; x_wconf 91' lang='lat' dir='ltr'><strong>con-</strong></span> 
     </span>
     <span class='ocr_line' id='line_1_6' title="bbox 189 879 1319 965; baseline 0 -17"><span class='ocrx_word' id='word_1_38' title='bbox 189 883 328 948; x_wconf 87' lang='lat' dir='ltr'><strong>iunctivo</strong></span> <span class='ocrx_word' id='word_1_39' title='bbox 362 885 585 962; x_wconf 84' lang='lat' dir='ltr'><strong>constructam,</strong></span> <span class='ocrx_word' id='word_1_40' title='bbox 620 879 678 946; x_wconf 89' lang='lat' dir='ltr'><strong>sed</strong></span> <span class='ocrx_word' id='word_1_41' title='bbox 712 880 796 965; x_wconf 92' lang='lat' dir='ltr'><strong>quod</strong></span> <span class='ocrx_word' id='word_1_42' title='bbox 829 882 869 947; x_wconf 92' lang='lat' dir='ltr'><strong>de</strong></span> <span class='ocrx_word' id='word_1_43' title='bbox 904 881 1082 948; x_wconf 86' lang='lat' dir='ltr'><strong>differentia</strong></span> <span class='ocrx_word' id='word_1_44' title='bbox 1115 881 1259 949; x_wconf 87' lang='lat' dir='ltr'><strong>adiectae</strong></span> <span class='ocrx_word' id='word_1_45' title='bbox 1287 896 1319 948; x_wconf 88' lang='lat' dir='ltr'><strong>et</strong></span> 
     </span>
     <span class='ocr_line' id='line_1_7' title="bbox 190 981 1316 1071; baseline -0.003 -18"><span class='ocrx_word' id='word_1_46' title='bbox 190 987 327 1053; x_wconf 87' lang='lat' dir='ltr'><strong>omissae</strong></span> <span class='ocrx_word' id='word_1_47' title='bbox 349 983 521 1070; x_wconf 89' lang='lat' dir='ltr'><strong>particulae</strong></span> <span class='ocrx_word' id='word_1_48' title='bbox 544 985 579 1046; x_wconf 83' lang='grc' dir='ltr'><strong>ἄν</strong></span> <span class='ocrx_word' id='word_1_49' title='bbox 595 981 766 1069; x_wconf 83' lang='grc' dir='ltr'>θῖεμοῖιινῖῖ</span> <span class='ocrx_word' id='word_1_50' title='bbox 779 985 923 1068; x_wconf 84' lang='lat' dir='ltr'><strong>argutius</strong></span> <span class='ocrx_word' id='word_1_51' title='bbox 946 993 995 1052; x_wconf 90' lang='lat' dir='ltr'><strong>cst</strong></span> <span class='ocrx_word' id='word_1_52' title='bbox 1009 1005 1102 1070; x_wconf 93' lang='lat' dir='ltr'><strong>quam</strong></span> <span class='ocrx_word' id='word_1_53' title='bbox 1122 993 1157 1051; x_wconf 93' lang='lat' dir='ltr'><strong>nt</strong></span> <span class='ocrx_word' id='word_1_54' title='bbox 1171 987 1316 1071; x_wconf 88' lang='lat' dir='ltr'><strong>cuiqnam</strong></span> 
     </span>
     <span class='ocr_line' id='line_1_8' title="bbox 189 1080 1316 1176; baseline -0.001 -20"><span class='ocrx_word' id='word_1_55' title='bbox 189 1091 316 1176; x_wconf 90' lang='lat' dir='ltr'><strong>probari</strong></span> <span class='ocrx_word' id='word_1_56' title='bbox 353 1090 462 1176; x_wconf 90' lang='lat' dir='ltr'><strong>possit.</strong></span> <span class='ocrx_word' id='word_1_57' title='bbox 520 1086 657 1155; x_wconf 91' lang='lat' dir='ltr'><strong>Omnino</strong></span> <span class='ocrx_word' id='word_1_58' title='bbox 690 1088 865 1155; x_wconf 86' lang='lat' dir='ltr'><strong>Hermanni</strong></span> <span class='ocrx_word' id='word_1_59' title='bbox 898 1097 966 1156; x_wconf 82' lang='lat' dir='ltr'><strong>teta</strong></span> <span class='ocrx_word' id='word_1_60' title='bbox 998 1080 1174 1175; x_wconf 84' lang='lat' dir='ltr'><strong>disquisitio</strong></span> <span class='ocrx_word' id='word_1_61' title='bbox 1204 1091 1316 1155; x_wconf 92' lang='lat' dir='ltr'><strong>mirum</strong></span> 
     </span>
     <span class='ocr_line' id='line_1_9' title="bbox 190 1179 1316 1278; baseline 0.002 -20"><span class='ocrx_word' id='word_1_62' title='bbox 190 1201 340 1278; x_wconf 86' lang='lat' dir='ltr'><strong>quantum</strong></span> <span class='ocrx_word' id='word_1_63' title='bbox 363 1193 511 1260; x_wconf 81' lang='lat' dir='ltr'><strong>inanibus</strong></span> <span class='ocrx_word' id='word_1_64' title='bbox 534 1191 790 1260; x_wconf 89' lang='lat' dir='ltr'><strong>distinctionibus</strong></span> <span class='ocrx_word' id='word_1_65' title='bbox 818 1193 934 1260; x_wconf 80' lang='lat' dir='ltr'><strong>referta</strong></span> <span class='ocrx_word' id='word_1_66' title='bbox 960 1197 1017 1274; x_wconf 86' lang='grc' dir='ltr'><strong>θεῖ,</strong></span> <span class='ocrx_word' id='word_1_67' title='bbox 1048 1179 1126 1278; x_wconf 79' lang='lat' dir='ltr'><strong>qu&#39;as</strong></span> <span class='ocrx_word' id='word_1_68' title='bbox 1154 1214 1225 1260; x_wconf 90' lang='lat' dir='ltr'><strong>cum</strong></span> <span class='ocrx_word' id='word_1_69' title='bbox 1253 1195 1316 1260; x_wconf 92' lang='lat' dir='ltr'><strong>iam</strong></span> 
     </span>
     <span class='ocr_line' id='line_1_10' title="bbox 190 1295 1352 1384; baseline -0.003 -21"><span class='ocrx_word' id='word_1_70' title='bbox 190 1297 264 1364; x_wconf 93' lang='lat' dir='ltr'><strong>olim</strong></span> <span class='ocrx_word' id='word_1_71' title='bbox 278 1298 437 1379; x_wconf 86' lang='lat' dir='ltr'><strong>Angustus</strong></span> <span class='ocrx_word' id='word_1_72' title='bbox 449 1295 604 1362; x_wconf 82' lang='lat' dir='ltr'><strong>Matthiae</strong></span> <span class='ocrx_word' id='word_1_73' title='bbox 616 1296 648 1361; x_wconf 94' lang='lat' dir='ltr'><strong>in</strong></span> <span class='ocrx_word' id='word_1_74' title='bbox 661 1297 888 1379; x_wconf 84' lang='lat' dir='ltr'><strong>grammaticae</strong></span> <span class='ocrx_word' id='word_1_75' title='bbox 899 1317 1035 1380; x_wconf 83' lang='lat' dir='ltr'><strong>graecae</strong></span> <span class='ocrx_word' id='word_1_76' title='bbox 1047 1295 1316 1384; x_wconf 83' lang='lat' dir='ltr'><strong>ed.3p.1210sq.,</strong></span> <span class='ocrx_word' id='word_1_77' title='bbox 1350 1357 1352 1360; x_wconf 83' lang='lat'><strong>.</strong></span> 
     </span>
     <span class='ocr_line' id='line_1_11' title="bbox 189 1397 1316 1485; baseline -0.001 -18"><span class='ocrx_word' id='word_1_78' title='bbox 189 1400 424 1467; x_wconf 88' lang='lat' dir='ltr'><strong>Baeumleinius</strong></span> <span class='ocrx_word' id='word_1_79' title='bbox 468 1400 500 1465; x_wconf 93' lang='lat' dir='ltr'><strong>in</strong></span> <span class='ocrx_word' id='word_1_80' title='bbox 546 1397 813 1484; x_wconf 87' lang='lat' dir='ltr'><strong>disquisitionibus</strong></span> <span class='ocrx_word' id='word_1_81' title='bbox 858 1399 898 1466; x_wconf 90' lang='lat' dir='ltr'><strong>de</strong></span> <span class='ocrx_word' id='word_1_82' title='bbox 940 1399 1041 1467; x_wconf 91' lang='lat' dir='ltr'><strong>modis</strong></span> <span class='ocrx_word' id='word_1_83' title='bbox 1087 1401 1174 1466; x_wconf 89' lang='lat' dir='ltr'><strong>verbi</strong></span> <span class='ocrx_word' id='word_1_84' title='bbox 1210 1403 1316 1485; x_wconf 85' lang='lat' dir='ltr'><strong>graeci</strong></span> 
     </span>
     <span class='ocr_line' id='line_1_12' title="bbox 185 1501 1316 1590; baseline 0.003 -22"><span class='ocrx_word' id='word_1_85' title='bbox 185 1525 217 1590; x_wconf 90' lang='lat' dir='ltr'><strong>p.</strong></span> <span class='ocrx_word' id='word_1_86' title='bbox 240 1507 303 1569; x_wconf 84' lang='lat'><strong>233</strong></span> <span class='ocrx_word' id='word_1_87' title='bbox 327 1525 408 1589; x_wconf 77' lang='lat' dir='ltr'><strong>sqq,</strong></span> <span class='ocrx_word' id='word_1_88' title='bbox 431 1503 486 1568; x_wconf 88' lang='lat' dir='ltr'><strong>alii</strong></span> <span class='ocrx_word' id='word_1_89' title='bbox 508 1503 584 1570; x_wconf 88' lang='lat' dir='ltr'><strong>setis</strong></span> <span class='ocrx_word' id='word_1_90' title='bbox 608 1523 764 1589; x_wconf 88' lang='lat' dir='ltr'><strong>superque</strong></span> <span class='ocrx_word' id='word_1_91' title='bbox 789 1501 1016 1586; x_wconf 77' lang='lat' dir='ltr'><strong>redarguerint,</strong></span> <span class='ocrx_word' id='word_1_92' title='bbox 1040 1510 1207 1570; x_wconf 88' lang='lat' dir='ltr'><strong>attrectare</strong></span> <span class='ocrx_word' id='word_1_93' title='bbox 1239 1505 1316 1571; x_wconf 92' lang='lat' dir='ltr'><strong>nihil</strong></span> 
     </span>
     <span class='ocr_line' id='line_1_13' title="bbox 186 1602 1315 1694; baseline 0.001 -21"><span class='ocrx_word' id='word_1_94' title='bbox 186 1627 265 1693; x_wconf 88' lang='lat' dir='ltr'><strong>opus</strong></span> <span class='ocrx_word' id='word_1_95' title='bbox 300 1613 358 1672; x_wconf 84' lang='lat' dir='ltr'><strong>est.</strong></span> <span class='ocrx_word' id='word_1_96' title='bbox 410 1602 519 1689; x_wconf 81' lang='lat' dir='ltr'><strong>Neque</strong></span> <span class='ocrx_word' id='word_1_97' title='bbox 552 1606 604 1690; x_wconf 92' lang='lat' dir='ltr'><strong>qui</strong></span> <span class='ocrx_word' id='word_1_98' title='bbox 638 1625 739 1691; x_wconf 89' lang='lat' dir='ltr'><strong>nuper</strong></span> <span class='ocrx_word' id='word_1_99' title='bbox 771 1604 943 1672; x_wconf 86' lang='lat' dir='ltr'><strong>Hermenni</strong></span> <span class='ocrx_word' id='word_1_100' title='bbox 977 1605 1153 1674; x_wconf 87' lang='lat' dir='ltr'><strong>doctrinam</strong></span> <span class='ocrx_word' id='word_1_101' title='bbox 1186 1609 1315 1694; x_wconf 89' lang='lat' dir='ltr'><strong>paulum</strong></span> 
     </span>
     <span class='ocr_line' id='line_1_14' title="bbox 187 1706 1314 1795; baseline 0.004 -21"><span class='ocrx_word' id='word_1_102' title='bbox 187 1711 341 1775; x_wconf 86' lang='lat' dir='ltr'><strong>variatam</strong></span> <span class='ocrx_word' id='word_1_103' title='bbox 379 1706 531 1790; x_wconf 86' lang='lat' dir='ltr'><strong>defendit,</strong></span> <span class='ocrx_word' id='word_1_104' title='bbox 563 1707 661 1794; x_wconf 93' lang='lat' dir='ltr'><strong>Leop.</strong></span> <span class='ocrx_word' id='word_1_105' title='bbox 696 1706 898 1790; x_wconf 89' lang='lat' dir='ltr'><strong>Schmidtius,</strong></span> <span class='ocrx_word' id='word_1_106' title='bbox 931 1709 963 1774; x_wconf 94' lang='lat' dir='ltr'><strong>in</strong></span> <span class='ocrx_word' id='word_1_107' title='bbox 1000 1711 1162 1795; x_wconf 88' lang='lat' dir='ltr'><strong>prooemio</strong></span> <span class='ocrx_word' id='word_1_108' title='bbox 1199 1713 1314 1780; x_wconf 80' lang='lat' dir='ltr'><strong>indicis</strong></span> 
     </span>
     <span class='ocr_line' id='line_1_15' title="bbox 185 1808 1314 1897; baseline 0.005 -21"><span class='ocrx_word' id='word_1_109' title='bbox 185 1812 356 1878; x_wconf 88' lang='lat' dir='ltr'><strong>lectionum</strong></span> <span class='ocrx_word' id='word_1_110' title='bbox 379 1809 538 1893; x_wconf 83' lang='lat' dir='ltr'><strong>Marburg.</strong></span> <span class='ocrx_word' id='word_1_111' title='bbox 568 1808 704 1890; x_wconf 68' lang='lat'>1868169</span> <span class='ocrx_word' id='word_1_112' title='bbox 725 1831 757 1897; x_wconf 90' lang='lat' dir='ltr'><strong>p.</strong></span> <span class='ocrx_word' id='word_1_113' title='bbox 783 1813 822 1874; x_wconf 83' lang='lat'><strong>15</strong></span> <span class='ocrx_word' id='word_1_114' title='bbox 845 1832 923 1896; x_wconf 85' lang='lat' dir='ltr'><strong>sqq,</strong></span> <span class='ocrx_word' id='word_1_115' title='bbox 945 1811 1122 1880; x_wconf 88' lang='lat' dir='ltr'><strong>audiendus</strong></span> <span class='ocrx_word' id='word_1_116' title='bbox 1145 1823 1203 1896; x_wconf 84' lang='lat' dir='ltr'><strong>est,</strong></span> <span class='ocrx_word' id='word_1_117' title='bbox 1226 1818 1314 1882; x_wconf 90' lang='lat' dir='ltr'><strong>cuius</strong></span> 
     </span>
     <span class='ocr_line' id='line_1_16' title="bbox 187 1912 1312 2000; baseline 0.003 -19"><span class='ocrx_word' id='word_1_118' title='bbox 187 1914 311 1981; x_wconf 89' lang='lat' dir='ltr'><strong>subtilis</strong></span> <span class='ocrx_word' id='word_1_119' title='bbox 334 1913 505 2000; x_wconf 89' lang='lat' dir='ltr'><strong>disputatio</strong></span> <span class='ocrx_word' id='word_1_120' title='bbox 533 1915 565 1980; x_wconf 92' lang='lat' dir='ltr'><strong>in</strong></span> <span class='ocrx_word' id='word_1_121' title='bbox 593 1912 653 1980; x_wconf 83' lang='lat' dir='ltr'><strong>hac</strong></span> <span class='ocrx_word' id='word_1_122' title='bbox 681 1925 716 1980; x_wconf 89' lang='lat' dir='ltr'><strong>re</strong></span> <span class='ocrx_word' id='word_1_123' title='bbox 743 1914 821 1980; x_wconf 90' lang='lat' dir='ltr'><strong>mihi</strong></span> <span class='ocrx_word' id='word_1_124' title='bbox 846 1934 911 1981; x_wconf 92' lang='lat' dir='ltr'><strong>non</strong></span> <span class='ocrx_word' id='word_1_125' title='bbox 938 1915 1099 2000; x_wconf 90' lang='lat' dir='ltr'><strong>probatur.</strong></span> <span class='ocrx_word' id='word_1_126' title='bbox 1145 1918 1207 1984; x_wconf 88' lang='lat' dir='ltr'><strong>Sed</strong></span> <span class='ocrx_word' id='word_1_127' title='bbox 1236 1940 1312 1984; x_wconf 89' lang='lat' dir='ltr'><strong>con-</strong></span> 
     </span>
     <span class='ocr_line' id='line_1_17' title="bbox 186 2017 1312 2106; baseline 0.004 -21"><span class='ocrx_word' id='word_1_128' title='bbox 186 2019 375 2105; x_wconf 90' lang='lat' dir='ltr'><strong>templemur</strong></span> <span class='ocrx_word' id='word_1_129' title='bbox 408 2017 554 2102; x_wconf 84' lang='lat' dir='ltr'><strong>exempla</strong></span> <span class='ocrx_word' id='word_1_130' title='bbox 587 2017 678 2084; x_wconf 89' lang='lat' dir='ltr'><strong>huius</strong></span> <span class='ocrx_word' id='word_1_131' title='bbox 711 2038 796 2098; x_wconf 87' lang='lat' dir='ltr'><strong>usus,</strong></span> <span class='ocrx_word' id='word_1_132' title='bbox 830 2039 961 2102; x_wconf 91' lang='lat' dir='ltr'><strong>qnorum</strong></span> <span class='ocrx_word' id='word_1_133' title='bbox 996 2019 1057 2085; x_wconf 90' lang='lat' dir='ltr'><strong>tria</strong></span> <span class='ocrx_word' id='word_1_134' title='bbox 1090 2020 1122 2086; x_wconf 93' lang='lat' dir='ltr'><strong>in</strong></span> <span class='ocrx_word' id='word_1_135' title='bbox 1148 2020 1312 2106; x_wconf 87' lang='lat' dir='ltr'><strong>Equitibus</strong></span> 
     </span>
     <span class='ocr_line' id='line_1_18' title="bbox 185 2119 730 2204; baseline -0.006 -17"><span class='ocrx_word' id='word_1_136' title='bbox 185 2123 393 2204; x_wconf 87' lang='lat' dir='ltr'><strong>inveniuntur,</strong></span> <span class='ocrx_word' id='word_1_137' title='bbox 417 2121 616 2204; x_wconf 81' lang='lat' dir='ltr'><strong>quantumin</strong></span> <span class='ocrx_word' id='word_1_138' title='bbox 639 2119 730 2186; x_wconf 87' lang='lat' dir='ltr'><strong>Pace.</strong></span> 
     </span>
     <span class='ocr_line' id='line_1_19' title="bbox 185 2220 1157 2314; baseline -0.001 -22"><span class='ocrx_word' id='word_1_139' title='bbox 185 2225 263 2311; x_wconf 82' lang='lat' dir='ltr'><strong>Equ.</strong></span> <span class='ocrx_word' id='word_1_140' title='bbox 281 2249 309 2292; x_wconf 85' lang='grc' dir='ltr'><strong>ν.</strong></span> <span class='ocrx_word' id='word_1_141' title='bbox 326 2226 398 2291; x_wconf 87' lang='grc'>698.</span> <span class='ocrx_word' id='word_1_142' title='bbox 422 2224 455 2288; x_wconf 85' lang='grc' dir='ltr'><strong>οὔ</strong></span> <span class='ocrx_word' id='word_1_143' title='bbox 470 2245 511 2286; x_wconf 95' lang='grc' dir='ltr'><strong>τοι</strong></span> <span class='ocrx_word' id='word_1_144' title='bbox 526 2225 568 2306; x_wconf 79' lang='grc' dir='ltr'><strong>μοὶ</strong></span> <span class='ocrx_word' id='word_1_145' title='bbox 590 2223 642 2308; x_wconf 80' lang='grc' dir='ltr'>τὴν</span> <span class='ocrx_word' id='word_1_146' title='bbox 666 2225 806 2310; x_wconf 80' lang='grc' dir='ltr'>Δήμητρά</span> <span class='ocrx_word' id='word_1_147' title='bbox 828 2220 865 2306; x_wconf 81' lang='grc' dir='ltr'><strong>γ’,</strong></span> <span class='ocrx_word' id='word_1_148' title='bbox 889 2225 914 2286; x_wconf 85' lang='grc' dir='ltr'><strong>εἱ</strong></span> <span class='ocrx_word' id='word_1_149' title='bbox 936 2229 976 2309; x_wconf 81' lang='grc' dir='ltr'><strong>μή</strong></span> <span class='ocrx_word' id='word_1_150' title='bbox 1001 2222 1027 2288; x_wconf 79' lang='grc' dir='ltr'><strong>θ’</strong></span> <span class='ocrx_word' id='word_1_151' title='bbox 1040 2225 1157 2314; x_wconf 82' lang='grc' dir='ltr'>ἐκφάγω</span> 
     </span>
     <span class='ocr_line' id='line_1_20' title="bbox 420 2329 1047 2414; baseline 0.003 -21"><span class='ocrx_word' id='word_1_152' title='bbox 420 2331 452 2393; x_wconf 82' lang='grc' dir='ltr'><strong>ἐκ</strong></span> <span class='ocrx_word' id='word_1_153' title='bbox 474 2331 560 2414; x_wconf 87' lang='grc' dir='ltr'>τηςδε</span> <span class='ocrx_word' id='word_1_154' title='bbox 582 2329 636 2414; x_wconf 81' lang='grc' dir='ltr'>της</span> <span class='ocrx_word' id='word_1_155' title='bbox 657 2332 721 2414; x_wconf 81' lang='grc' dir='ltr'>γης,</span> <span class='ocrx_word' id='word_1_156' title='bbox 745 2329 878 2393; x_wconf 81' lang='grc' dir='ltr'>οὐδέποτε</span> <span class='ocrx_word' id='word_1_157' title='bbox 902 2329 1047 2414; x_wconf 82' lang='grc' dir='ltr'>βιῶσομαι.</span> 
     </span>
     <span class='ocr_line' id='line_1_21' title="bbox 334 2429 1224 2524; baseline 0.004 -24"><span class='ocrx_word' id='word_1_158' title='bbox 334 2436 395 2501; x_wconf 83' lang='grc' dir='ltr'><strong>ΑΗ.</strong></span> <span class='ocrx_word' id='word_1_159' title='bbox 419 2439 465 2513; x_wconf 87' lang='grc' dir='ltr'><strong>,,εἰ</strong></span> <span class='ocrx_word' id='word_1_160' title='bbox 487 2435 528 2520; x_wconf 82' lang='grc' dir='ltr'><strong>μὴ</strong></span> <span class='ocrx_word' id='word_1_161' title='bbox 552 2433 677 2523; x_wconf 84' lang='grc' dir='ltr'>’κφάγης</span> <span class='ocrx_word' id='word_1_162' title='bbox 697 2429 769 2518; x_wconf 81' lang='grc' dir='ltr'><strong>Ιμ’;“</strong></span> <span class='ocrx_word' id='word_1_163' title='bbox 792 2433 848 2518; x_wconf 80' lang='grc' dir='ltr'>ε’γῶ</span> <span class='ocrx_word' id='word_1_164' title='bbox 871 2437 903 2499; x_wconf 79' lang='grc' dir='ltr'><strong>δέ</strong></span> <span class='ocrx_word' id='word_1_165' title='bbox 925 2434 961 2519; x_wconf 89' lang='grc' dir='ltr'><strong>γ’,</strong></span> <span class='ocrx_word' id='word_1_166' title='bbox 986 2439 1010 2500; x_wconf 81' lang='grc' dir='ltr'><strong>εἰ</strong></span> <span class='ocrx_word' id='word_1_167' title='bbox 1033 2443 1074 2524; x_wconf 81' lang='grc' dir='ltr'><strong>μη</strong></span> <span class='ocrx_word' id='word_1_168' title='bbox 1098 2436 1224 2504; x_wconf 80' lang='grc' dir='ltr'>σ’ἐκπῖοι</span> 
     </span>
     <span class='ocr_line' id='line_1_22' title="bbox 419 2541 985 2631; baseline 0.005 -27"><span class='ocrx_word' id='word_1_169' title='bbox 419 2546 471 2605; x_wconf 86' lang='grc' dir='ltr'><strong>κᾶν</strong></span> <span class='ocrx_word' id='word_1_170' title='bbox 494 2544 660 2630; x_wconf 80' lang='grc' dir='ltr'>ἐκρορησας</span> <span class='ocrx_word' id='word_1_171' title='bbox 683 2541 768 2612; x_wconf 84' lang='grc' dir='ltr'>αὐτὸς</span> <span class='ocrx_word' id='word_1_172' title='bbox 791 2543 985 2631; x_wconf 77' lang='grc' dir='ltr'>ἐπιδιαρραγῶ).</span> 
     </span>
     <span class='ocr_line' id='line_1_23' title="bbox 182 2645 1308 2742; baseline 0.006 -31"><span class='ocrx_word' id='word_1_173' title='bbox 182 2645 260 2730; x_wconf 83' lang='grc' dir='ltr'>Εηιι.</span> <span class='ocrx_word' id='word_1_174' title='bbox 293 2645 366 2711; x_wconf 87' lang='grc'><strong>806.</strong></span> <span class='ocrx_word' id='word_1_175' title='bbox 401 2647 478 2710; x_wconf 79' lang='grc' dir='ltr'>εἰδὲ</span> <span class='ocrx_word' id='word_1_176' title='bbox 500 2646 614 2719; x_wconf 86' lang='grc' dir='ltr'>ποτέῖς</span> <span class='ocrx_word' id='word_1_177' title='bbox 637 2648 722 2735; x_wconf 83' lang='grc' dir='ltr'>ἀγρὸν</span> <span class='ocrx_word' id='word_1_178' title='bbox 746 2649 828 2719; x_wconf 78' lang='grc' dir='ltr'>οὗτος</span> <span class='ocrx_word' id='word_1_179' title='bbox 851 2648 990 2712; x_wconf 84' lang='grc' dir='ltr'>ἀπελθὼν</span> <span class='ocrx_word' id='word_1_180' title='bbox 1012 2651 1151 2739; x_wconf 79' lang='grc' dir='ltr'><strong>εἰρηναῖος</strong></span> <span class='ocrx_word' id='word_1_181' title='bbox 1178 2655 1308 2742; x_wconf 73' lang='grc' dir='ltr'>διατρίψῃ</span> 
     </span>
     <span class='ocr_line' id='line_1_24' title="bbox 335 2752 1307 2847; baseline 0.011 -34"><span class='ocrx_word' id='word_1_182' title='bbox 335 2752 382 2813; x_wconf 82' lang='grc' dir='ltr'><strong>καὶ</strong></span> <span class='ocrx_word' id='word_1_183' title='bbox 396 2752 479 2838; x_wconf 82' lang='grc' dir='ltr'>χῖδρα</span> <span class='ocrx_word' id='word_1_184' title='bbox 494 2752 593 2838; x_wconf 78' lang='grc' dir='ltr'>ραγῶν</span> <span class='ocrx_word' id='word_1_185' title='bbox 614 2755 806 2842; x_wconf 73' lang='grc' dir='ltr'>ἀναθαρρήσῃ</span> <span class='ocrx_word' id='word_1_186' title='bbox 829 2755 877 2817; x_wconf 76' lang='grc' dir='ltr'><strong>καὶ</strong></span> <span class='ocrx_word' id='word_1_187' title='bbox 891 2757 1048 2843; x_wconf 78' lang='grc' dir='ltr'><strong>στεμφύλῳ</strong></span> <span class='ocrx_word' id='word_1_188' title='bbox 1065 2759 1104 2828; x_wconf 83' lang='grc' dir='ltr'><strong>εἰς</strong></span> <span class='ocrx_word' id='word_1_189' title='bbox 1118 2759 1203 2843; x_wconf 84' lang='grc' dir='ltr'>λόγον</span> <span class='ocrx_word' id='word_1_190' title='bbox 1218 2762 1307 2847; x_wconf 83' lang='grc' dir='ltr'>ελθη,</span> 
     </span>
     <span class='ocr_line' id='line_1_25' title="bbox 160 2859 1262 2951; baseline 0.014 -33"><span class='ocrx_word' id='word_1_191' title='bbox 160 2921 165 2934; x_wconf 55' lang='grc'>,</span> <span class='ocrx_word' id='word_1_192' title='bbox 333 2859 469 2941; x_wconf 89' lang='grc' dir='ltr'>γνῶσεται</span> <span class='ocrx_word' id='word_1_193' title='bbox 492 2859 559 2920; x_wconf 83' lang='grc' dir='ltr'>οἳοιν</span> <span class='ocrx_word' id='word_1_194' title='bbox 582 2861 699 2943; x_wconf 85' lang='grc' dir='ltr'>ἀγαθῶν</span> <span class='ocrx_word' id='word_1_195' title='bbox 722 2860 807 2924; x_wconf 79' lang='grc' dir='ltr'>αὐτὸν</span> <span class='ocrx_word' id='word_1_196' title='bbox 829 2883 867 2946; x_wconf 86' lang='grc' dir='ltr'>τη</span> <span class='ocrx_word' id='word_1_197' title='bbox 891 2863 1056 2951; x_wconf 74' lang='grc' dir='ltr'>μισθοφορᾷ</span> <span class='ocrx_word' id='word_1_198' title='bbox 1078 2869 1262 2951; x_wconf 85' lang='grc' dir='ltr'>παρεκόπτου.</span> 
     </span>
     <span class='ocr_line' id='line_1_26' title="bbox 181 2957 1148 3054; baseline 0.008 -30"><span class='ocrx_word' id='word_1_199' title='bbox 181 2957 315 3028; x_wconf 81' lang='lat' dir='ltr'><strong>Pauus.</strong></span> <span class='ocrx_word' id='word_1_200' title='bbox 339 2964 412 3029; x_wconf 86' lang='grc'><strong>450.</strong></span> <span class='ocrx_word' id='word_1_201' title='bbox 437 2964 479 3026; x_wconf 85' lang='grc' dir='ltr'><strong>κεῖ</strong></span> <span class='ocrx_word' id='word_1_202' title='bbox 501 2985 542 3034; x_wconf 93' lang='grc' dir='ltr'><strong>τις</strong></span> <span class='ocrx_word' id='word_1_203' title='bbox 565 2973 729 3052; x_wconf 88' lang='grc' dir='ltr'>στρατηγεῖν</span> <span class='ocrx_word' id='word_1_204' title='bbox 752 2959 925 3050; x_wconf 84' lang='grc' dir='ltr'>βουλόμενος</span> <span class='ocrx_word' id='word_1_205' title='bbox 948 2967 989 3052; x_wconf 84' lang='grc' dir='ltr'><strong>μὴ</strong></span> <span class='ocrx_word' id='word_1_206' title='bbox 1014 2959 1148 3054; x_wconf 78' lang='grc' dir='ltr'>Ευλλάβη</span> 
     </span>
     <span class='ocr_line' id='line_1_27' title="bbox 165 3069 1071 3160; baseline 0.011 -32"><span class='ocrx_word' id='word_1_207' title='bbox 165 3089 167 3098; x_wconf 72' lang='grc'>’</span> <span class='ocrx_word' id='word_1_208' title='bbox 438 3070 458 3154; x_wconf 79' lang='grc' dir='ltr'><strong>ἢ</strong></span> <span class='ocrx_word' id='word_1_209' title='bbox 481 3069 584 3139; x_wconf 80' lang='grc' dir='ltr'>δοῦλος</span> <span class='ocrx_word' id='word_1_210' title='bbox 608 3069 775 3155; x_wconf 80' lang='grc' dir='ltr'>αὐτομολεῖν</span> <span class='ocrx_word' id='word_1_211' title='bbox 798 3076 1071 3160; x_wconf 78' lang='grc' dir='ltr'>παρεσκευασμένος,</span> 
     </span>
     <span class='ocr_line' id='line_1_28' title="bbox 437 3162 1099 3265; baseline 0.012 -28"><span class='ocrx_word' id='word_1_212' title='bbox 437 3175 481 3238; x_wconf 83' lang='grc' dir='ltr'>ἐπὶ</span> <span class='ocrx_word' id='word_1_213' title='bbox 502 3181 552 3238; x_wconf 78' lang='grc' dir='ltr'>τοῦ</span> <span class='ocrx_word' id='word_1_214' title='bbox 575 3183 678 3264; x_wconf 76' lang='grc' dir='ltr'>τροχοῦ</span> <span class='ocrx_word' id='word_1_215' title='bbox 700 3175 726 3261; x_wconf 84' lang='grc' dir='ltr'><strong>γ’</strong></span> <span class='ocrx_word' id='word_1_216' title='bbox 739 3162 848 3242; x_wconf 84' lang='grc' dir='ltr'>ἕλκοιτο</span> <span class='ocrx_word' id='word_1_217' title='bbox 872 3181 1099 3265; x_wconf 79' lang='grc' dir='ltr'>μαστιγούμενος.</span> 
     </span>
    </p>

    <p class='ocr_par' dir='ltr' id='par_1_3' title="bbox 176 3276 1307 3996">
     <span class='ocr_line' id='line_1_29' title="bbox 264 3276 1306 3371; baseline 0.014 -30"><span class='ocrx_word' id='word_1_218' title='bbox 264 3276 299 3341; x_wconf 85' lang='grc' dir='ltr'><strong>Ιιι</strong></span> <span class='ocrx_word' id='word_1_219' title='bbox 311 3276 424 3344; x_wconf 89' lang='lat' dir='ltr'><strong>eadem</strong></span> <span class='ocrx_word' id='word_1_220' title='bbox 437 3299 471 3344; x_wconf 92' lang='lat' dir='ltr'><strong>re</strong></span> <span class='ocrx_word' id='word_1_221' title='bbox 483 3280 659 3365; x_wconf 87' lang='lat' dir='ltr'><strong>optativum</strong></span> <span class='ocrx_word' id='word_1_222' title='bbox 670 3284 833 3367; x_wconf 82' lang='lat' dir='ltr'><strong>usurpavit</strong></span> <span class='ocrx_word' id='word_1_223' title='bbox 843 3283 1073 3371; x_wconf 85' lang='lat' dir='ltr'><strong>Aristophanes</strong></span> <span class='ocrx_word' id='word_1_224' title='bbox 1090 3286 1167 3371; x_wconf 83' lang='lat' dir='ltr'><strong>Equ.</strong></span> <span class='ocrx_word' id='word_1_225' title='bbox 1181 3310 1226 3354; x_wconf 87' lang='lat' dir='ltr'><strong>vs.</strong></span> <span class='ocrx_word' id='word_1_226' title='bbox 1243 3291 1306 3357; x_wconf 88' lang='grc'><strong>694</strong></span> 
     </span>
     <span class='ocr_line' id='line_1_30' title="bbox 178 3381 1307 3483; baseline 0.017 -42"><span class='ocrx_word' id='word_1_227' title='bbox 178 3381 202 3442; x_wconf 85' lang='grc' dir='ltr'><strong>εἰ</strong></span> <span class='ocrx_word' id='word_1_228' title='bbox 224 3384 265 3464; x_wconf 81' lang='grc' dir='ltr'><strong>μη</strong></span> <span class='ocrx_word' id='word_1_229' title='bbox 289 3381 493 3467; x_wconf 72' lang='grc' dir='ltr'>σὰπολέσαιμι,</span> <span class='ocrx_word' id='word_1_230' title='bbox 518 3384 672 3483; x_wconf 74' lang='grc' dir='ltr'>διαπέσοιμι</span> <span class='ocrx_word' id='word_1_231' title='bbox 694 3394 840 3473; x_wconf 84' lang='grc' dir='ltr'>πανταχῆ;</span> <span class='ocrx_word' id='word_1_232' title='bbox 865 3390 991 3474; x_wconf 83' lang='lat' dir='ltr'><strong>saepius</strong></span> <span class='ocrx_word' id='word_1_233' title='bbox 1015 3391 1051 3474; x_wconf 81' lang='grc' dir='ltr'><strong>ην</strong></span> <span class='ocrx_word' id='word_1_234' title='bbox 1073 3391 1197 3475; x_wconf 83' lang='lat' dir='ltr'><strong>legitur,</strong></span> <span class='ocrx_word' id='word_1_235' title='bbox 1221 3393 1307 3460; x_wconf 86' lang='lat' dir='ltr'><strong>velut</strong></span> 
     </span>
     <span class='ocr_line' id='line_1_31' title="bbox 180 3482 1303 3584; baseline 0.018 -38"><span class='ocrx_word' id='word_1_236' title='bbox 180 3482 216 3550; x_wconf 89' lang='lat' dir='ltr'><strong>V.</strong></span> <span class='ocrx_word' id='word_1_237' title='bbox 239 3505 284 3551; x_wconf 82' lang='grc' dir='ltr'><strong>νε.</strong></span> <span class='ocrx_word' id='word_1_238' title='bbox 308 3489 370 3551; x_wconf 80' lang='grc'><strong>523</strong></span> <span class='ocrx_word' id='word_1_239' title='bbox 394 3491 430 3573; x_wconf 78' lang='grc' dir='ltr'><strong>ην</strong></span> <span class='ocrx_word' id='word_1_240' title='bbox 452 3491 506 3578; x_wconf 82' lang='grc' dir='ltr'><strong>γὰρ</strong></span> <span class='ocrx_word' id='word_1_241' title='bbox 522 3491 643 3575; x_wconf 80' lang='grc' dir='ltr'>ἡττηθῶ</span> <span class='ocrx_word' id='word_1_242' title='bbox 659 3490 762 3573; x_wconf 82' lang='grc' dir='ltr'>λέγων,</span> <span class='ocrx_word' id='word_1_243' title='bbox 786 3499 985 3582; x_wconf 82' lang='grc' dir='ltr'>περιπεσοῦμαι</span> <span class='ocrx_word' id='word_1_244' title='bbox 1006 3495 1048 3582; x_wconf 74' lang='grc' dir='ltr'>τη]</span> <span class='ocrx_word' id='word_1_245' title='bbox 1071 3487 1144 3584; x_wconf 77' lang='grc' dir='ltr'>ξίφει</span> <span class='ocrx_word' id='word_1_246' title='bbox 1171 3504 1204 3563; x_wconf 85' lang='lat' dir='ltr'><strong>et</strong></span> <span class='ocrx_word' id='word_1_247' title='bbox 1225 3498 1303 3565; x_wconf 82' lang='lat' dir='ltr'><strong>Aah.</strong></span> 
     </span>
     <span class='ocr_line' id='line_1_32' title="bbox 179 3586 1304 3687; baseline 0.017 -35"><span class='ocrx_word' id='word_1_248' title='bbox 179 3608 223 3653; x_wconf 83' lang='grc' dir='ltr'>τε.</span> <span class='ocrx_word' id='word_1_249' title='bbox 247 3590 312 3653; x_wconf 85' lang='grc'><strong>324</strong></span> <span class='ocrx_word' id='word_1_250' title='bbox 333 3586 496 3680; x_wconf 74' lang='grc' dir='ltr'>ἐξολοίμην,</span> <span class='ocrx_word' id='word_1_251' title='bbox 519 3597 556 3681; x_wconf 79' lang='grc' dir='ltr'><strong>ῆν</strong></span> <span class='ocrx_word' id='word_1_252' title='bbox 572 3596 694 3660; x_wconf 71' lang='grc' dir='ltr'>ἀκούσω·</span> <span class='ocrx_word' id='word_1_253' title='bbox 733 3596 844 3665; x_wconf 84' lang='lat' dir='ltr'><strong>Batavi</strong></span> <span class='ocrx_word' id='word_1_254' title='bbox 868 3606 922 3665; x_wconf 90' lang='lat' dir='ltr'><strong>aut</strong></span> <span class='ocrx_word' id='word_1_255' title='bbox 943 3600 979 3685; x_wconf 78' lang='grc' dir='ltr'><strong>ην</strong></span> <span class='ocrx_word' id='word_1_256' title='bbox 1001 3621 1170 3687; x_wconf 88' lang='lat' dir='ltr'><strong>reposuere</strong></span> <span class='ocrx_word' id='word_1_257' title='bbox 1192 3611 1255 3686; x_wconf 87' lang='lat' dir='ltr'><strong>ant,</strong></span> <span class='ocrx_word' id='word_1_258' title='bbox 1271 3604 1304 3671; x_wconf 94' lang='lat' dir='ltr'><strong>id</strong></span> 
     </span>
     <span class='ocr_line' id='line_1_33' title="bbox 178 3692 1303 3794; baseline 0.017 -38"><span class='ocrx_word' id='word_1_259' title='bbox 178 3692 261 3775; x_wconf 92' lang='lat' dir='ltr'><strong>quod</strong></span> <span class='ocrx_word' id='word_1_260' title='bbox 276 3692 471 3780; x_wconf 80' lang='lat' dir='ltr'><strong>Hirsehigins</strong></span> <span class='ocrx_word' id='word_1_261' title='bbox 493 3702 526 3766; x_wconf 91' lang='lat' dir='ltr'><strong>in</strong></span> <span class='ocrx_word' id='word_1_262' title='bbox 541 3699 623 3786; x_wconf 84' lang='lat' dir='ltr'><strong>Equ.</strong></span> <span class='ocrx_word' id='word_1_263' title='bbox 638 3722 684 3770; x_wconf 88' lang='lat' dir='ltr'><strong>vs.</strong></span> <span class='ocrx_word' id='word_1_264' title='bbox 700 3703 763 3767; x_wconf 89' lang='lat'><strong>806</strong></span> <span class='ocrx_word' id='word_1_265' title='bbox 778 3703 877 3769; x_wconf 86' lang='lat' dir='ltr'><strong>voluit</strong></span> <span class='ocrx_word' id='word_1_266' title='bbox 898 3705 975 3790; x_wconf 80' lang='grc' dir='ltr'>ἔλθη</span> <span class='ocrx_word' id='word_1_267' title='bbox 998 3707 1032 3770; x_wconf 92' lang='lat' dir='ltr'><strong>in</strong></span> <span class='ocrx_word' id='word_1_268' title='bbox 1053 3707 1152 3771; x_wconf 79' lang='grc' dir='ltr'>ἐλθών</span> <span class='ocrx_word' id='word_1_269' title='bbox 1171 3714 1303 3794; x_wconf 85' lang='lat' dir='ltr'><strong>mutato,</strong></span> 
     </span>
     <span class='ocr_line' id='line_1_34' title="bbox 176 3796 1302 3898; baseline 0.017 -37"><span class='ocrx_word' id='word_1_270' title='bbox 176 3796 314 3863; x_wconf 82' lang='lat' dir='ltr'><strong>futurum</strong></span> <span class='ocrx_word' id='word_1_271' title='bbox 331 3799 510 3873; x_wconf 84' lang='lat' dir='ltr'><strong>effecerunt</strong></span> <span class='ocrx_word' id='word_1_272' title='bbox 546 3805 638 3873; x_wconf 89' lang='lat' dir='ltr'><strong>Pacis</strong></span> <span class='ocrx_word' id='word_1_273' title='bbox 661 3806 845 3874; x_wconf 88' lang='lat' dir='ltr'><strong>comoediae</strong></span> <span class='ocrx_word' id='word_1_274' title='bbox 868 3811 1008 3878; x_wconf 87' lang='lat' dir='ltr'><strong>versibus</strong></span> <span class='ocrx_word' id='word_1_275' title='bbox 1031 3803 1302 3898; x_wconf 73' lang='lat' dir='ltr'><strong>praecedentum</strong></span> 
     </span>
     <span class='ocr_line' id='line_1_35' title="bbox 177 3902 1300 3996; baseline 0.015 -31"><span class='ocrx_word' id='word_1_276' title='bbox 177 3902 341 3970; x_wconf 83' lang='lat' dir='ltr'><strong>enuntiate</strong></span> <span class='ocrx_word' id='word_1_277' title='bbox 367 3904 507 3972; x_wconf 91' lang='lat' dir='ltr'><strong>eiusdem</strong></span> <span class='ocrx_word' id='word_1_278' title='bbox 530 3909 660 3993; x_wconf 86' lang='lat' dir='ltr'><strong>formae,</strong></span> <span class='ocrx_word' id='word_1_279' title='bbox 682 3911 715 3976; x_wconf 89' lang='lat' dir='ltr'><strong>in</strong></span> <span class='ocrx_word' id='word_1_280' title='bbox 738 3910 850 3996; x_wconf 91' lang='lat' dir='ltr'><strong>quibus</strong></span> <span class='ocrx_word' id='word_1_281' title='bbox 872 3914 897 3975; x_wconf 86' lang='grc' dir='ltr'><strong>εἰ</strong></span> <span class='ocrx_word' id='word_1_282' title='bbox 919 3932 946 3979; x_wconf 93' lang='grc' dir='ltr'><strong>ο.</strong></span> <span class='ocrx_word' id='word_1_283' title='bbox 968 3913 1140 3983; x_wconf 87' lang='lat' dir='ltr'><strong>indicativo</strong></span> <span class='ocrx_word' id='word_1_284' title='bbox 1162 3915 1300 3982; x_wconf 91' lang='lat' dir='ltr'><strong>iunctum</strong></span> 
     </span>
    </p>
   </div>
   <div class='ocr_carea' id='block_1_3' title="bbox 176 3997 1421 4313">
    <p class='ocr_par' dir='ltr' id='par_1_4' title="bbox 176 3997 1421 4313">
     <span class='ocr_line' id='line_1_36' title="bbox 178 3997 1301 4106; baseline 0.017 -37"><span class='ocrx_word' id='word_1_285' title='bbox 178 3997 240 4071; x_wconf 74' lang='lat' dir='ltr'><strong>esi:</strong></span> <span class='ocrx_word' id='word_1_286' title='bbox 266 4027 312 4074; x_wconf 87' lang='grc' dir='ltr'><strong>νε.</strong></span> <span class='ocrx_word' id='word_1_287' title='bbox 340 4009 404 4075; x_wconf 89' lang='grc'><strong>444</strong></span> <span class='ocrx_word' id='word_1_288' title='bbox 433 4012 475 4076; x_wconf 87' lang='grc' dir='ltr'>κεῖ</span> <span class='ocrx_word' id='word_1_289' title='bbox 501 4035 571 4085; x_wconf 90' lang='grc' dir='ltr'>τις.</span> <span class='ocrx_word' id='word_1_290' title='bbox 597 4064 604 4078; x_wconf 90' lang='grc'>.</span> <span class='ocrx_word' id='word_1_291' title='bbox 630 4065 637 4078; x_wconf 94' lang='grc'>.</span> <span class='ocrx_word' id='word_1_292' title='bbox 668 4039 711 4080; x_wconf 88' lang='grc' dir='ltr'><strong>σοι</strong></span> <span class='ocrx_word' id='word_1_293' title='bbox 739 4017 849 4104; x_wconf 81' lang='grc' dir='ltr'>φθονεῖ,</span> <span class='ocrx_word' id='word_1_294' title='bbox 878 4024 985 4106; x_wconf 77' lang='grc' dir='ltr'>πάσχοι</span> <span class='ocrx_word' id='word_1_295' title='bbox 1008 4021 1091 4084; x_wconf 88' lang='grc' dir='ltr'>κτλ.</span> <span class='ocrx_word' id='word_1_296' title='bbox 1117 4028 1149 4087; x_wconf 85' lang='grc' dir='ltr'><strong>οῖ</strong></span> <span class='ocrx_word' id='word_1_297' title='bbox 1172 4041 1214 4088; x_wconf 84' lang='grc' dir='ltr'><strong>νε.</strong></span> <span class='ocrx_word' id='word_1_298' title='bbox 1238 4025 1301 4087; x_wconf 85' lang='grc'><strong>447</strong></span> 
     </span>
     <span class='ocr_line' id='line_1_37' title="bbox 177 4105 1300 4212; baseline 0.02 -41"><span class='ocrx_word' id='word_1_299' title='bbox 177 4112 219 4172; x_wconf 83' lang='grc' dir='ltr'><strong>κεῖ</strong></span> <span class='ocrx_word' id='word_1_300' title='bbox 243 4135 284 4185; x_wconf 91' lang='grc' dir='ltr'><strong>τις</strong></span> <span class='ocrx_word' id='word_1_301' title='bbox 310 4105 429 4204; x_wconf 73' lang='grc' dir='ltr'>δορυξὸς</span> <span class='ocrx_word' id='word_1_302' title='bbox 456 4119 583 4204; x_wconf 84' lang='grc' dir='ltr'>ἐπιθυμεῖ</span> <span class='ocrx_word' id='word_1_303' title='bbox 609 4128 721 4209; x_wconf 85' lang='grc' dir='ltr'>μαχῶν,</span> <span class='ocrx_word' id='word_1_304' title='bbox 757 4122 854 4186; x_wconf 77' lang='grc' dir='ltr'>ἐσθίοι.</span> <span class='ocrx_word' id='word_1_305' title='bbox 885 4123 1062 4192; x_wconf 89' lang='lat' dir='ltr'><strong>Meinekius</strong></span> <span class='ocrx_word' id='word_1_306' title='bbox 1090 4118 1229 4212; x_wconf 80' lang='grc' dir='ltr'>Εολλάβοι</span> <span class='ocrx_word' id='word_1_307' title='bbox 1258 4150 1300 4196; x_wconf 89' lang='lat' dir='ltr'><strong>vs.</strong></span> 
     </span>
     <span class='ocr_line' id='line_1_38' title="bbox 176 4217 1421 4313; baseline 0.015 -30"><span class='ocrx_word' id='word_1_308' title='bbox 176 4217 241 4283; x_wconf 73' lang='lat'><strong>450</strong></span> <span class='ocrx_word' id='word_1_309' title='bbox 271 4223 442 4307; x_wconf 87' lang='lat' dir='ltr'><strong>proposuit,</strong></span> <span class='ocrx_word' id='word_1_310' title='bbox 471 4244 531 4308; x_wconf 91' lang='lat' dir='ltr'><strong>quo</strong></span> <span class='ocrx_word' id='word_1_311' title='bbox 564 4232 692 4313; x_wconf 91' lang='lat' dir='ltr'><strong>recepto</strong></span> <span class='ocrx_word' id='word_1_312' title='bbox 721 4227 799 4293; x_wconf 89' lang='lat' dir='ltr'><strong>nihil</strong></span> <span class='ocrx_word' id='word_1_313' title='bbox 831 4228 999 4311; x_wconf 87' lang='lat' dir='ltr'><strong>lucremur,</strong></span> <span class='ocrx_word' id='word_1_314' title='bbox 1032 4253 1103 4305; x_wconf 87' lang='lat' dir='ltr'><strong>curn</strong></span> <span class='ocrx_word' id='word_1_315' title='bbox 1136 4234 1300 4300; x_wconf 90' lang='lat' dir='ltr'><strong>modorum</strong></span> <span class='ocrx_word' id='word_1_316' title='bbox 1418 4293 1421 4300; x_wconf 56' lang='grc'>.</span> 
     </span>
    </p>
   </div>
   <div class='ocr_carea' id='block_1_4' title="bbox 0 0 1546 4664">
    <p class='ocr_par' dir='ltr' id='par_1_5' title="bbox 0 0 1546 4664">
     <span class='ocr_line' id='line_1_39' title="bbox 0 0 1546 4664; baseline 0 4"><span class='ocrx_word' id='word_1_317' title='bbox 0 0 1546 4664; x_wconf 95' lang='lat' dir='ltr'><strong> </strong></span> 
     </span>
    </p>
   </div>
  </div>
 </body>
</html>
