3082 4664
709 352 753 363 ,..
797 315 923 380 50-

256 500 292 566 V.
317 521 361 568 vs.
384 503 456 568 434.
479 503 607 588 λάβεσθε
630 505 738 569 τοοτοοὶ
759 505 806 568 καὶ
828 505 870 591 μή
894 508 1027 593 pontiado
1049 509 1168 593 ponderi:

479 608 556 673 εἰδὲ
578 609 630 695 μή,
654 608 678 672 ’ν
699 611 795 682 πέδαις
817 613 945 699 παχείαις
966 613 1046 678 οὐδὲν
1069 618 1242 704 ἀριστήσετε.

254 711 310 777 Au.
324 732 367 778 vs.
383 714 452 781 133.
476 714 524 778 καὶ
546 717 687 801 μηδαμῶς
709 718 811 789 ἄλλοις
832 722 954 806 ποιήσῃς
967 741 974 755 ·
987 721 1011 784 εἰ
1033 719 1064 784 ἀὲ
1087 721 1138 806 μή,
1162 721 1225 785 κτλ.

253 815 289 882 R.
313 837 357 884 vs,
381 813 453 885 629.
477 819 617 909 (ἀήορεὺοι
627 821 691 904 τινὶ)
703 821 755 906 ἐμὲ
767 821 808 907 μή
820 817 985 907 βασανίζειν
996 826 1139 891 ἀθάνατον
1155 822 1213 889 ὄντ’
1227 845 1234 862 ·
1247 824 1270 888 εἰ
1281 822 1313 888 ἀὲ
1324 823 1376 908 μή,

477 925 563 998 αὐτὸς
585 928 701 992 σεαυτὸν
724 929 813 992 αἱτιιῖι.

251 1025 401 1096 Formula
441 1032 465 1095 εἰ
483 1030 517 1120 ,δὲ
539 1036 581 1120 μή
623 1032 764 1100 adverbii
806 1031 995 1100 adversatiri
1040 1033 1170 1101 notione
1213 1039 1377 1118 assumpta

250 1137 336 1206 nullo
358 1137 533 1206 sententiae
555 1137 772 1206 anteeedentis
795 1145 951 1225 respecta
970 1137 1119 1208 adverbio
1141 1147 1263 1208 nostro:
1287 1145 1376 1206 sonst

249 1241 418 1326 simillime,
441 1245 657 1329 usurpabatur.

708 1393 911 1415 ΜΛΝνννννᾺ

350 1551 389 1648 V.
416 1551 465 1632 lie
487 1551 620 1634 omissa
642 1553 792 1656 epodosi
813 1553 929 1654 deque
952 1551 1090 1654 duplioi
1116 1551 1267 1654 protasi.

333 1721 402 1790 Duo
435 1727 666 1791 enuntiatorum
702 1723 975 1806 mndieionalinm,
1010 1743 1090 1808 quae
1124 1722 1227 1789 adhue
1259 1742 1371 1789 reeen-

247 1825 376 1907 suimus‚
399 1827 540 1892 membra
562 1835 617 1893 ent
637 1828 762 1908 integra
783 1828 906 1912 prolata
927 1831 1019 1894 erant
1037 1833 1092 1893 aut
1113 1827 1158 1893 ita
1173 1824 1369 1907 adumbrata,

247 1936 280 1993 ut
301 1928 394 1993 faeiie
421 1930 558 2015 suppleri
586 1936 723 2014 possent.
769 1928 832 1993 Sed
860 1934 934 1996 sunt
959 1928 1030 2012 loei,
1055 1929 1165 2012 quibus
1193 1928 1365 2014 sirnpiieem

246 2031 327 2097 hane
353 2031 538 2098 relationem
567 2034 773 2118 interruptam
800 2051 870 2097 ense
897 2031 1049 2114 uidemus,
1075 2051 1146 2098 eum
1174 2040 1230 2098 aut
1252 2031 1367 2118 duplex

245 2137 380 2221 protasis
407 2134 448 2201 ad
475 2155 568 2200 unam
596 2135 760 2222 apodosim
789 2135 954 2222 pertineat,
982 2140 1038 2202 aut
1065 2134 1212 2222 epodosis
1239 2137 1366 2203 omnino

244 2239 334 2304 desit
371 2237 506 2305 Primum
523 2236 564 2304 ad
579 2239 715 2304 omissae
732 2236 880 2324 epodosis
895 2238 1114 2324 exemplares
1137 2245 1362 2304 convertamus.

329 2340 362 2407 ln
380 2340 516 2428 periodis
531 2340 751 2427 hypotheticis,
766 2359 847 2425 quae
862 2339 942 2406 duas
959 2339 1075 2407 habent
1086 2349 1239 2427 protases,
1255 2341 1364 2428 prioris

243 2446 466 2536 enuntiationis
489 2443 637 2530 epodosis
660 2446 808 2511 retinetur
831 2445 857 2511 si
873 2463 913 2509 ex
928 2444 1094 2510 verborum
1116 2464 1200 2510 nexu
1215 2446 1366 2512 maiorem

242 2549 415 2615 sententiae
439 2546 499 2613 vim
515 2549 560 2612 in
589 2547 716 2614 alterius
740 2547 962 2614 enuntiationis
984 2547 1117 2633 apodosi
1139 2549 1273 2634 positam
1296 2567 1366 2614 esse

241 2660 382 2738 apparet.
427 2649 552 2731 Insigne
575 2649 665 2715 huius
688 2669 763 2715 usus
785 2649 965 2735 exemplum
989 2648 1141 2717 habemus
1163 2652 1197 2716 in

242 2754 286 2820 Pl,
312 2777 356 2820 vs.
380 2755 452 2820 468.
678 2756 731 2816 κάν
754 2751 805 2838 μὲν
828 2756 968 2841 ἀποφήνω
992 2757 1081 2838 μόνην

445 2859 562 2942 ἀγαθῶν
585 2861 716 2923 ἁπάντων
739 2859 826 2923 οὖσαν
849 2861 938 2923 αἰτίαν
960 2857 1011 2944 ἐμὲ
1144 2867 1149 2880 “

444 2964 506 3050 ὑμῖν
529 2963 563 3029 δι’
587 2965 638 3050 ἐμέ
660 2987 691 3029 τε
714 2970 830 3038 ζῶντας
853 2965 926 3049 ὑμᾶς
939 2987 946 3002 ·
959 2967 984 3030 εἰ
1005 2962 1037 3029 δὲ
1059 2964 1111 3049 μή,

442 3079 558 3135 ποιεῖτον
580 3073 638 3156 ήδη
661 3070 742 3136 τοῦθ’
766 3073 781 3135 ὅ
803 3093 828 3135 τι
851 3074 885 3135 ἂν
909 3071 975 3156 ὑμῖν
993 3071 1076 3155 dorp.
1109 3073 1112 3082 '

240 3174 424 3261 Chrernylus
463 3175 695 3263 Paupertatem,
732 3197 824 3260 quam
866 3179 1005 3248 omniurn
1042 3174 1258 3242 ealamitatum
1288 3195 1363 3241 eau-

238 3300 304 3344 sam
340 3300 409 3344 esse
443 3288 563 3358 censet,
597 3281 746 3348 extremis
779 3280 944 3366 snpplieiis
975 3300 1010 3346 se
1045 3285 1255 3344 maetaturum
1292 3297 1364 3344 esse

143 3389 148 3400 ’
237 3383 382 3447 minatur.
429 3381 501 3448 lrati
529 3384 667 3474 animum
696 3383 753 3448 sibi
777 3381 952 3468 Paupertas
978 3383 1024 3448 ita
1050 3381 1218 3448 eoneiliare
1245 3380 1362 3462 studet,

238 3490 272 3549 ut
295 3504 413 3570 poenas
430 3485 589 3570 Ohrernyii
612 3496 643 3550 et
659 3484 850 3571 Blepsidemi
874 3505 909 3551 se
933 3486 1106 3552 subituram
1130 3503 1201 3551 erse
1217 3483 1361 3566 affirmet,

236 3587 263 3652 si
298 3607 406 3653 reuera
438 3587 589 3654 malorum
626 3607 722 3655 eausa
754 3590 810 3668 sit;
838 3587 913 3673 quid
940 3608 1024 3671 vero,
1052 3589 1078 3654 ri
1106 3586 1280 3654 ostenderit
1305 3605 1360 3652 suo

237 3691 388 3757 berretieio
411 3693 518 3757 omnia
541 3693 622 3758 bona
643 3692 720 3770 fieri,
744 3699 929 3757 eventurum
953 3692 1003 3772 sit,
1018 3700 1093 3757 tune
1113 3692 1183 3777 ipsa
1197 3693 1297 3759 nescit
1311 3698 1360 3786 et,

235 3817 274 3862 ne
298 3796 483 3882 Chrernytus
499 3795 601 3880 magis
616 3797 846 3879 exarcerbetur,
868 3796 1047 3883 disceptare
1068 3798 1192 3863 omittit
1226 3796 1358 3863 Doetam

234 3899 424 3965 scholiastae
447 3887 682 3966 adnotationem
706 3919 767 3965 non
776 3900 1010 3984 praeterierim,
1025 3900 1077 3983 qni
1099 3899 1250 3986 exemplis
1266 3898 1356 3966 Hom.

234 4004 258 4067 A
284 4004 344 4066 135
367 4023 425 4088 sqq
446 4010 479 4068 et
499 4001 593 4069 Thue.
610 4004 663 4082 3‚3
683 4001 788 4068 allatis
810 4002 857 4068 sie
879 4003 982 4088 pergit
1002 4003 1035 4067 τὸ
1055 4001 1088 4068 ,δὲ
1111 4011 1212 4091 σχήμα
1233 4003 1358 4067 καλεῖται

203 4189 205 4194 ,
233 4109 467 4186 ἀνανταπάἀοτον,
484 4107 568 4195 daut
587 4115 635 4172 νῦν
653 4108 864 4197 Ἀριστοφάνης
887 4109 1030 4204 ἐχρήσατο
1047 4109 1099 4174 ὀιί
1121 4111 1175 4198 γάρ
1198 4109 1359 4183 ἀποδέδωκε,

232 4215 284 4301 τήν
307 4205 435 4288 σὺνταξιν
458 4214 583 4278 ἐνταῦθα
598 4236 604 4250 ·
618 4214 672 4278 ἔδει
693 4215 747 4304 γὰρ
771 4215 863 4290 εἰπεῖν,
887 4220 939 4278 κᾶν
962 4215 1014 4301 μὲν
1033 4219 1172 4304 ἀποφήνω
1195 4218 1284 4301 μόνην
1306 4214 1358 4300 ἐμὲ
