3082 4664
694 291 903 354 ..38...

239 484 313 551 viris
335 483 587 549 contionantibus
609 482 695 548 fraus
717 480 893 564 detegatur,
915 480 1123 548 declamando
1145 501 1179 547 se
1202 486 1360 561 exercent,

238 585 460 671 Praxagoram,
487 586 572 670 quid,
599 585 625 651 si
651 589 777 671 praeter
804 585 1072 670 exspectationem
1098 584 1191 650 homo
1225 601 1358 668 nequam

237 691 466 776 interruptums
483 689 524 755 sit
545 707 733 770 sermonem,
756 686 948 774 respondere
969 688 1002 751 in
1024 688 1130 753 animo
1151 686 1277 768 habeat,
1300 685 1359 751 hoc

238 792 333 859 modo
368 794 564 875 interrogant
599 810 644 856 vs.
678 792 741 854 248
778 793 850 879 αἰταίρ
884 793 919 876 ἢν
954 791 1091 877 Κέφαλός
1124 814 1167 855 σοι
1200 791 1360 878 λοιδορῆται

237 899 436 987 προσφθαρείς,
464 903 526 968 πῶς
553 900 677 985 ἀντερεῖς
699 897 769 985 πρὸς
797 898 880 960 αὐτὸν
908 898 937 960 ἐν
971 897 1146 981 τήκκλησίᾳ;
1183 895 1361 978 Praxagora

239 1005 413 1071 convicium
431 1003 547 1085 regerit
561 1007 648 1091 ρήσαι
670 1009 858 1091 παραφρονεῖν
874 1002 967 1067 αὐτόν.
986 1001 1239 1086 ¹Subsequuntur
1254 1021 1360 1067 versus

361 1113 435 1175 254.
457 1111 484 1172 τί
504 1107 541 1190 δ’,
555 1109 591 1193 ἠν
613 1109 788 1193 Νεοκλείδης
810 1112 824 1173 ὁ
846 1109 966 1193 γλάμων
989 1131 1021 1172 σε
1043 1109 1174 1196 λοιδορή;

340 1215 433 1282 Prax.
454 1216 544 1301 τούτῳ
568 1213 619 1298 μὲν
642 1215 717 1277 εἷπον
740 1216 771 1285 ἐς
792 1214 874 1285 κυνὸς
895 1217 985 1299 πυρὴν
1008 1216 1084 1303 ὁρᾶν.

340 1318 415 1386 Μαί.
439 1323 464 1383 τί
486 1319 522 1397 δ’,
545 1319 583 1404 ἦν
607 1319 795 1409 ὑποκρούωσίν
818 1343 850 1383 σε
857 1346 866 1403 ;
889 1319 981 1385 Prax.
1004 1324 1229 1409 προσκινήσομαι.

237 1425 397 1492 Aoristum
426 1424 565 1492 medium
592 1426 674 1491 inter
700 1426 804 1492 futura
828 1427 1045 1512 interpositum
1073 1444 1166 1492 nemo
1195 1425 1286 1489 aliter
1307 1443 1361 1490 ac·

239 1530 343 1614 cipere
362 1534 468 1615 potest
482 1529 542 1594 nisi
557 1548 614 1614 pro
630 1528 743 1595 futuro.
771 1528 860 1607 Quod
887 1548 957 1595 cum
984 1529 1058 1595 uiris
1085 1527 1186 1595 doctis
1209 1526 1360 1594 audacius

238 1630 404 1715 videretur,
430 1630 464 1697 id
492 1631 575 1716 quod
604 1631 718 1698 totiens
747 1638 877 1714 cgemnt
903 1636 997 1717 atque
1023 1631 1109 1698 facili
1136 1651 1213 1698 sane
1234 1632 1360 1713 negotio

237 1733 397 1822 perficitur
422 1733 473 1800 hic
501 1754 624 1818 quoque
652 1734 790 1820 amplexi
816 1742 897 1816 sunt,
925 1741 959 1801 ut
984 1736 1166 1801 inusitatam
1189 1733 1360 1801 dictionem

219 1837 347 1930 tollere
375 1858 468 1921 quam
495 1837 649 1923 exemplis
683 1836 809 1904 firmare
841 1837 982 1904 mallent.
1031 1836 1138 1922 ltaque
1171 1836 1360 1923 Blaydesius

238 1940 396 2009 desiderat
417 1943 476 2027 siv
499 1942 606 2026 εἴποιμ’,
619 1939 772 2007 Valsenus
788 1949 885 2006 τοῦτον
904 1951 980 2027 μενεῖ
994 1940 1052 2007 tol'
1069 1961 1176 2008 veram
1191 1941 1359 2008 lectionem

237 2066 308 2114 esse
341 2051 461 2114 censet.
517 2046 714 2132 Quamquam
748 2066 789 2114 ex
821 2048 1031 2134 Aristophane
1064 2047 1149 2112 aliud
1181 2047 1359 2114 huiusmodi

238 2152 417 2238 exemplum
439 2151 517 2217 mihi
539 2171 601 2218 non
623 2159 751 2236 praesto
777 2160 833 2235 est,
861 2150 993 2218 Medeae
1017 2150 1207 2237 Euripideae
1235 2172 1279 2220 vs.
1304 2153 1356 2217 78:

237 2255 416 2339 ἀπωλόμεσθ
445 2251 501 2344 ἄρ’,
525 2256 549 2319 εί
571 2256 658 2319 κακὸν
686 2258 866 2345 προσοίσομέν
889 2258 950 2320 νέον
972 2256 1085 2341 παλαιοί
1102 2253 1183 2319 haud
1199 2255 1356 2322 frustrain

237 2360 412 2428 subsidium
438 2379 553 2427 uocare
579 2361 656 2426 mihi
683 2361 801 2428 videor.
846 2361 1044 2445 Praxagorae
1071 2379 1256 2445 responsum
1291 2379 1358 2426 cer-

235 2464 358 2531 tissime
393 2484 432 2530 ac
467 2464 536 2530 sine
568 2482 657 2529 mora
689 2471 870 2530 euenturum
905 2483 975 2530 esse
1008 2463 1123 2530 aoristo
1157 2462 1359 2546 significatur.

236 2566 346 2652 Neque
367 2566 446 2633 illud
467 2570 664 2653 praeteream
692 2568 800 2634 aorirti
827 2568 1018 2650 singularem
1044 2567 1127 2634 huno
1149 2587 1240 2634 usum
1262 2586 1282 2632 a
1303 2587 1359 2634 no-

235 2671 357 2738 tissimo
390 2670 444 2736 illo
479 2669 519 2735 de
545 2669 638 2735 rebus
665 2671 895 2755 praesentibus,
930 2690 990 2755 quo
1023 2670 1160 2756 exempli
1193 2671 1295 2752 gratia
1327 2671 1359 2735 in

235 2773 314 2858 Equ.
338 2793 382 2840 us.
406 2773 468 2836 696
491 2771 686 2858 allantopola
706 2773 857 2858 loquitur:

237 2879 334 2964 ἥσίλρν
358 2877 494 2953 ἀπειλαῖς,
519 2877 643 2960 ἐγέλασα
666 2879 878 2963 ψολοκομπίαις,
903 2897 965 2944 non
988 2884 1154 2964 tantopere
1177 2876 1302 2944 differre
1324 2885 1361 2947 ut

236 2981 320 3050 Eccl.
345 3003 388 3048 us.
416 2983 479 3046 255
507 2981 694 3066 scripturam
722 3003 785 3049 non
812 2983 913 3049 solum
941 3003 961 3049 a
987 2983 1148 3050 codicibus
1179 2982 1235 3048 sed
1263 2985 1359 3049 etiam

236 3106 257 3152 a
279 3084 452 3154 scholiasta
474 3083 515 3150 ad
538 3083 616 3149 Ach.
640 3105 685 3151 vs.
709 3086 771 3150 863
795 3091 827 3152 et
849 3106 869 3152 a
891 3085 989 3153 Suida
1011 3106 1035 3153 s.
1060 3107 1087 3149 ν.
1111 3086 1201 3170 τούτῳ
1224 3088 1275 3168 μέν
1291 3105 1357 3150 ser·

237 3197 340 3256 vatam
364 3189 482 3254 reicere
503 3187 606 3254 liceat.

321 3291 435 3359 Restat
467 3312 529 3357 una
561 3292 683 3377 species
718 3294 948 3361 enuntiatorum
981 3293 1071 3360 huius
1104 3291 1243 3374 generis,
1278 3311 1358 3375 quae

237 3395 409 3463 accedente
432 3395 546 3482 copula
566 3397 613 3458 καί
635 3398 849 3464 concessivam
878 3401 940 3463 vim
967 3397 1070 3463 habet
1115 3393 1222 3476 Longe
1248 3396 1359 3462 maiori
1404 3453 1408 3462 .

235 3501 319 3587 parti
353 3501 584 3566 enuntiatorum
617 3519 637 3565 a
669 3502 820 3568 uocabulo
855 3503 1027 3588 composito
1056 3503 1109 3564 κᾶν
1142 3499 1358 3584 incipientium

237 3604 327 3671 deest
349 3606 434 3671 notio
457 3607 641 3672 concessiva
663 3613 695 3672 et
716 3609 778 3689 κᾶν,
807 3607 889 3692 quod
919 3625 1043 3693 semper
1071 3605 1173 3691 primo
1207 3607 1359 3673 enuntiati

237 3710 306 3777 loco
329 3709 472 3793 habetur,
496 3710 555 3777 soli
577 3710 709 3776 duarum
733 3714 957 3778 sententiarum
987 3711 1199 3778 coniunctioni
1220 3711 1358 3779 inservit.

236 3813 389 3892 Quoniam
423 3834 444 3880 a
480 3815 593 3881 ceteris
627 3815 796 3882 enuntiatis
834 3813 1102 3882 condicionalibus
1139 3815 1260 3882 secerni
1296 3835 1359 3882 non

235 3924 376 4005 possunt,
411 3937 475 3983 nna
507 3932 578 3984 cum
610 3919 649 3985 iis
683 3919 897 3986 tractavimus.
944 3919 1124 3986 Sententiae
1158 3918 1360 3986 concessivae

236 4020 326 4087 huius
359 4021 495 4104 generis,
533 4041 604 4087 cum
638 4021 802 4108 apodosim
836 4022 971 4108 protasis
1003 4021 1070 4088 fere
1102 4028 1258 4107 sequatur,
1291 4023 1361 4107 ipsa

235 4123 444 4190 collocatione
472 4143 492 4188 a
518 4144 605 4191 mere
633 4125 902 4192 condicionalibus
932 4124 1158 4193 discernuntur.
1210 4125 1362 4203 Quattuor

234 4230 358 4292 tautum
392 4226 470 4292 locis
502 4228 660 4294 inversum
694 4230 837 4296 ordinem
870 4230 975 4296 inveni
1008 4229 1044 4295 V.
1078 4250 1121 4295 rs.
1155 4230 1227 4293 813.
1263 4231 1355 4299 1297.
