3082 4664
688 239 898 302 ..42-

232 425 268 492 R.
293 444 336 492 vs,
361 428 412 492 73.
660 433 740 490 τοῦτο
762 433 816 514 qotp
837 449 878 489 τοι
900 427 946 489 καὶ
968 430 1053 510 μόνον

436 531 475 595 ἔτ’
499 533 556 596 ε’στὶ
577 533 673 596 λοιπὸν
696 534 814 618 ἀγαθόν,
837 534 861 595 εὶ
883 533 929 594 καὶ
949 530 1025 596 ταῦτ’
1048 535 1113 620 ἄρα.

233 635 310 702 Ach.
333 656 377 703 vs.
400 638 474 703 562.
497 636 547 701 εἶτ’
570 639 593 700 εἰ
615 639 715 720 δίκαια,
738 643 836 701 τοῦτον
858 639 941 701 εἰπεῖν
964 635 1025 701 αὔτ’
1039 638 1136 726 ἐχρῆν;

318 741 376 819 Qui
404 743 658 827 aequabilitatem
686 744 898 810 membrorum
925 745 957 808 in
992 743 1161 809 enuntiatis
1196 741 1354 808 condicio·

233 845 357 912 nalibus
385 847 523 912 nativam
549 847 652 929 legem
681 852 823 913 statuunt
857 867 928 912 cum
961 846 995 911 in
1029 847 1141 912 ceteris
1167 844 1355 912 dictionibus

234 947 477 1034 compendiariis
511 956 577 1015 tum
610 950 642 1016 in
677 950 847 1016 enuntiatis
882 949 1113 1035 comparativis,
1143 948 1197 1014 ubi
1223 947 1279 1012 illa
1303 946 1356 1013 len

232 1050 350 1117 violata
372 1057 430 1134 est,
452 1072 509 1138 per
531 1052 732 1122 incredibiles
755 1053 881 1139 ellipses
903 1053 1093 1138 primitivam
1116 1071 1210 1136 quam
1236 1037 1357 1134 lingunt

233 1155 389 1221 rationem
411 1155 586 1222 restituunt.
622 1156 717 1242 Apud
739 1154 985 1240 Aristophanem
1009 1155 1171 1221 enuntiata
1192 1174 1356 1240 compara-

232 1259 297 1323 tiva
317 1258 479 1344 particulis
494 1258 535 1330 ὡς
553 1260 577 1322 εἰ
592 1279 662 1325 cum
678 1259 816 1345 optativo
831 1259 946 1324 iunctis
960 1258 1096 1324 'formata
1115 1257 1270 1324 habentur
1285 1259 1356 1325 tria.

234 1361 403 1431 Omisimus
431 1365 572 1431 consulto
601 1364 680 1430 haec
712 1364 859 1450 exempla
891 1365 924 1429 in
952 1364 1056 1449 capite
1084 1362 1124 1429 de
1150 1363 1306 1450 particula
1335 1366 1359 1428 εἰ

234 1487 304 1535 cum
328 1471 466 1554 optativo
490 1470 639 1555 copulata
660 1489 732 1536 cum
754 1468 814 1535 hac
829 1469 1095 1556 opportunissima
1116 1469 1167 1534 via
1189 1466 1230 1534 ad
1252 1470 1359 1555 pristi-

233 1591 306 1636 nam
329 1573 503 1657 particulae
525 1575 548 1636 εἰ
570 1575 633 1641 vim
657 1574 752 1638 etiam
775 1573 843 1640 sine
871 1574 965 1640 verbo
993 1573 1080 1638 finito
1107 1572 1264 1639 valentem
1293 1580 1360 1639 tra·

234 1675 396 1742 ducamur.
446 1678 536 1756 Quod
563 1685 599 1744 ut
624 1678 747 1744 ratione
774 1697 812 1744 ac
838 1679 890 1743 via
916 1677 980 1762 fiat,
1013 1678 1139 1744 initium
1168 1678 1310 1764 capimus
1340 1699 1361 1745 a

233 1780 375 1848 versibus
398 1779 484 1847 Eccl.
509 1784 579 1847 125.
603 1783 814 1867 καταγέλαστον
835 1783 867 1845 τὸ
889 1793 1005 1871 πρᾶγμα
1027 1783 1161 1870 φαίνεται.

489 1887 580 1954 Prax.
603 1895 665 1958 πῶς
686 1890 912 1974 καταγέλασταν;
935 1887 1010 1955 Mul.
1035 1889 1129 1978 ὥσπερ
1147 1889 1225 1960 εἴτις
1248 1891 1361 1974 σηπίαις

604 1995 727 2079 πὼιωνά
747 1995 916 2083 περιδήσειεν
938 1995 1166 2080 ἐσταθευμέναις.

238 2094 419 2164 Mulieribus
457 2097 532 2182 quid
567 2100 602 2165 in
639 2101 784 2166 contione
821 2099 961 2166 dicturae
997 2107 1103 2168 essent
1138 2099 1359 2166 meditantibus

180 2243 182 2250 ν
237 2199 419 2284 Praxagora
441 2207 550 2269 auctor
570 2204 682 2287 fuerat,
705 2211 739 2271 ut
762 2205 874 2270 barbas
897 2205 958 2272 sibi
973 2202 1234 2285 circumligarem.
1268 2202 1355 2268 Inan-

237 2301 304 2369 dita
330 2306 592 2392 metamorphosis
619 2309 697 2393 ipsis
724 2307 917 2384 mulierculis
950 2307 1047 2374 risum
1081 2312 1195 2390 movet,
1230 2327 1358 2392 quarum

236 2427 300 2472 una
327 2409 474 2478 mulieres
502 2410 650 2479 barbatas
677 2432 749 2477 oum
777 2413 873 2498 sepiis
900 2411 1015 2478 assatis
1043 2417 1214 2496 comparat.
1259 2410 1359 2493 Vulgo

237 2513 433 2580 enuntiatum
457 2514 675 2580 condicionale
697 2516 742 2600 sie
758 2515 934 2602 suppletur:
957 2515 1168 2599 uutuqe'huotov
1190 2515 1222 2578 τὸ
1245 2523 1360 2601 πρᾶγμα

237 2620 371 2707 φαίνεται,
401 2619 495 2709 ὥσπερ
523 2622 733 2706 καταγέλαστον
762 2621 796 2686 ἄν
825 2622 958 2710 φαίνοιτο,
988 2621 1012 2684 εἴ
1038 2644 1079 2693 τις
1104 2623 1216 2706 σηπίαις
1237 2621 1361 2704 πώγωνα

205 2763 208 2772 ·
237 2729 405 2815 περιδήσειεν
440 2727 666 2812 ἐσταθευμέναις.
718 2727 750 2792 Si
789 2747 827 2792 ex
860 2727 1004 2793 uberiore
1039 2728 1097 2795 hac
1130 2727 1232 2794 forma
1263 2727 1362 2792 verba

236 2831 352 2897 tradita
374 2833 479 2899 nescio
503 2853 565 2917 qua
586 2835 638 2899 via
660 2838 728 2899 orta
751 2838 865 2914 essent,
887 2833 920 2897 in
935 2833 1105 2899 vetustiore
1128 2831 1279 2900 sermonis
1302 2851 1362 2898 usu

237 2955 334 2999 unum
350 2936 462 3002 saltem
480 2936 659 3023 exemplum
675 2936 920 3022 comparationis
935 2936 1030 3021 plene
1050 2956 1219 3023 expressae
1235 2940 1360 3002 exstare

237 3041 304 3104 iure
332 3047 596 3124 exspectaremus.
640 3038 704 3106 Sed
730 3040 917 3125 scriptorum
944 3059 1018 3106 usus
1045 3038 1121 3105 inde
1154 3039 1194 3106 ab
1223 3037 1359 3104 Homero

238 3147 359 3207 tantum
382 3142 472 3211 abest
493 3149 527 3209 ut
549 3143 646 3209 ullum
668 3142 760 3210 fictae
775 3143 858 3210 illius
873 3142 1004 3209 rationis
1018 3143 1185 3226 vestigium
1199 3143 1358 3229 praebeat,

238 3251 272 3311 ut
292 3246 370 3331 ipsis
393 3246 615 3331 antiquissimis
633 3247 826 3333 temporibus
848 3247 944 3313 verba
960 3245 1000 3317 ὡς
1022 3247 1047 3310 εἰ
1068 3245 1182 3312 nullius
1206 3244 1360 3312 enuntiati

238 3350 416 3436 interpositi
443 3371 503 3438 ope
530 3371 602 3418 cum
628 3353 767 3438 optativo
795 3357 975 3418 constructa
1002 3371 1072 3419 esse
1102 3349 1224 3417 doceat.
1275 3350 1361 3428 Quae

239 3473 309 3518 eum
332 3455 377 3520 ita
399 3455 462 3521 sint
483 3460 572 3521 vetus
594 3454 705 3528 horum
728 3456 961 3548 enuntiatorum
976 3453 1156 3552 explicandi
1177 3455 1257 3521 ratio
1277 3460 1362 3521 stare

239 3577 302 3623 non
329 3560 445 3644 poterit
471 3579 573 3643 nequo
600 3559 707 3626 dubito
732 3559 854 3643 Langio
882 3560 1026 3626 assentiri
1054 3559 1105 3642 qui
1133 3559 1294 3625 enuntiata
1321 3558 1362 3624 ab

239 3663 262 3724 εἰ
297 3662 482 3748 incipientia
516 3663 667 3752 primaria
701 3653 799 3730 fuisse
835 3661 982 3745 ostendit,
1020 3681 1100 3746 quae
1140 3659 1361 3749 progrediente

239 3766 365 3833 demum
382 3772 484 3832 aetate
501 3765 689 3834 secundaria
703 3766 787 3834 lacta
809 3772 888 3833 sunt
933 3765 1041 3851 ltaque
1062 3764 1124 3832 hoc
1145 3765 1215 3832 loeo
1238 3765 1361 3849 mulier,

240 3871 395 3956 quendam
419 3870 514 3956 sepiis
537 3871 650 3937 assatis
673 3871 803 3936 barbam
827 3869 1044 3952 circumligare
1065 3869 1181 3956 posuit,
1209 3887 1289 3956 quae
1311 3888 1362 3934 res

239 3975 383 4040 omnibus
410 3973 531 4041 scilicet
556 3973 762 4058 nsusuaret,
796 3972 961 4058 simileque
994 3973 1173 4060 exemplum
1207 3971 1363 4058 particula

240 4078 281 4148 ὡς
295 4077 327 4142 in
343 4077 612 4164 comparationem
628 4097 699 4143 cum
714 4075 896 4144 mulieribus
911 4076 1052 4143 barbatis
1067 4080 1206 4143 vocatur.
1239 4072 1363 4159 Lingua

240 4182 409 4250 vernacula
435 4182 497 4246 vim
525 4181 698 4272 particulae
725 4181 749 4246 εἰ
781 4181 907 4246 insitam
942 4178 1075 4246 reddere
1107 4198 1287 4264 possumus:
1319 4177 1362 4244 Es
