3082 4664
232 630 290 711 IV.
316 627 526 709 Particulae
552 631 635 710 eet
662 644 712 708 εον
735 626 814 708 sine
841 625 952 708 verbo
978 625 1080 706 linito
1107 625 1257 727 positae.

273 835 353 903 (lum
375 839 518 921 protases
541 833 785 915 condicionales,
809 853 886 918 quas
902 835 935 898 in
961 833 1055 899 variis
1077 833 1310 899 enuntiatorum
1336 835 1340 842 '

187 938 450 1009 conditionalium
466 938 633 1020 generibus
649 939 873 1020 recensuimus,
896 936 1109 1022 praedicativo
1130 937 1224 1003 verbo
1246 957 1309 1002 non

187 1049 327 1125 careant,
360 1047 409 1107 sat
441 1041 546 1107 multis
578 1041 657 1107 locis
689 1049 760 1127 post
791 1041 962 1127 particulas
990 1044 1014 1104 εἰ
1041 1048 1073 1107 et
1098 1042 1147 1105 ἐάν
1179 1041 1309 1106 νοτίοιο

189 1148 394 1228 desideratur,
407 1144 490 1230 quod
501 1165 559 1232 pro
570 1145 710 1212 locorum
723 1151 835 1211 natura
849 1145 936 1212 varie
950 1147 1137 1231 interpretes
1152 1145 1310 1232 supplent.

273 1251 375 1335 Atque
403 1256 438 1315 ut
464 1267 485 1315 a
510 1248 669 1316 facillimis
705 1247 873 1332 ordiamur,
907 1249 1042 1335 primum
1077 1268 1116 1315 ea
1148 1249 1311 1315 enuntiata

187 1355 391 1424 tractabimus
419 1351 452 1417 in
481 1352 592 1436 quibus
619 1350 661 1417 ad
688 1352 841 1418 sermonis
874 1353 1084 1434 integritatem
1118 1371 1138 1418 a
1168 1353 1310 1438 plurimis

187 1458 324 1546 quidem,
348 1456 401 1540 qui
421 1475 462 1522 ex
476 1455 648 1541 posteriore
662 1476 721 1522 usu
735 1455 885 1538 iudicant,
907 1456 1036 1522 verbum
1056 1458 1124 1521 εἶναι
1138 1456 1311 1543 suppletur,

185 1583 297 1632 revera
320 1570 426 1628 autam
448 1580 488 1626 ex
509 1559 668 1647 primitiva
691 1561 845 1627 sermonis
868 1561 1094 1628 consuetudine
1116 1563 1312 1630 substantiva

186 1668 237 1735 vel
264 1665 422 1732 adiectira
448 1663 623 1750 praedicati
649 1664 750 1730 instar
775 1664 880 1750 posita
906 1671 987 1730 sunt.
1032 1665 1172 1731 Plurima
1204 1664 1310 1732 huius-

188 1770 273 1837 modi
300 1766 448 1853 axempla
473 1767 504 1832 in
532 1765 664 1853 apodosi
692 1765 890 1849 offendimus,
923 1767 1024 1834 rarius
1050 1769 1084 1832 in
1110 1769 1229 1853 protasi
1262 1769 1310 1833 in-

188 1875 362 1941 veniuntur.
408 1868 471 1934 Sed
493 1872 621 1935 exstant
642 1868 720 1934 talia
742 1870 944 1956 exemplant

188 1977 226 2042 V.
239 1998 283 2044 vs.
299 1975 390 2042 1153.
407 1974 482 2062 είπερ
496 1970 655 2057 ρ”ἀνάρκομ
671 1969 801 2062 κρίβανόν
816 1971 1003 2061 μὀίμπίσχετε
1018 1994 1153 2058 quocum
1169 1976 1312 2043 conferas

186 2080 315 2148 Homeri
330 2079 401 2145 libri
413 2080 436 2143 ll
448 2098 493 2144 vs.
510 2078 584 2141 667.
599 2099 637 2161 τῃ
653 2076 684 2142 δὲ
698 2079 864 2162 δυωδεκάτῃ
879 2069 1078 2164 πολεμίξομεν,
1095 2082 1171 2170 εἴπερ
1187 2085 1306 2167 dodran·

185 2195 352 2262 Adiectiva
387 2191 463 2258 inde
499 2191 540 2257 ab
570 2189 699 2258 Homeri
734 2193 928 2279 temporibus
965 2215 1061 2280 saepe
1098 2194 1311 2282 praedicative

187 2299 386 2381 adhibentur,
409 2296 497 2363 cuius
520 2293 605 2381 apud
620 2294 793 2361 Homerum
808 2297 841 2368 in
857 2297 1026 2364 enuntiatis
1043 2291 1317 2368 condicionalibus⁴

188 2422 262 2468 usus
285 2400 347 2467 duo
370 2398 517 2484 exempla
537 2395 712 2485 adponam:

288 2505 316 2568 Α
340 2503 411 2567 116.
435 2503 583 2566 ἀλλὰκαὶ
606 2503 647 2572 ὣς
669 2503 766 2566 ἐθέλω
787 2504 902 2587 δόμεναι
923 2505 1017 2587 πάλιν,
1040 2507 1071 2568 εἰ.
1085 2511 1118 2569 τό
1138 2504 1164 2591 γ’
1188 2510 1308 2592 ἄμεινον.

288 2611 313 2674 Τ
335 2608 408 2672 264.
433 2609 456 2670 εί
477 2609 508 2672 δέ
529 2631 554 2670 τι
575 2606 796 2697 τῶνδ’ἐπίορκον,
819 2610 882 2694 ἐμοὶ
903 2611 965 2674 θεοί
987 2612 1077 2696 ἄλρεα
1099 2613 1180 2677 δοῖεν.

184 2723 220 2781 ut
246 2697 382 2780 eandem
410 2710 656 2798 praedicativam
685 2713 831 2781 adiectiri
861 2715 923 2804 rim
957 2716 1042 2803 apud
1069 2716 1330 2808 Aristophanem

187 2835 341 2899 agnoscas
363 2816 411 2880 in:

186 2919 221 2985 P.
245 2938 289 2986 vs.
314 2919 384 2983 736.
409 2919 433 2982 εἰ
454 2916 529 2980 obbo
552 2919 625 2989 εἰκός
646 2942 706 2983 τινα
727 2923 843 3005 τιμῆσαι
866 2971 872 2985 .
898 2972 905 2985 .
930 2972 937 2986 .
963 2973 969 2985 .

309 3026 380 3089 738.
403 3014 481 3098 ἄξιος
503 3025 571 3087 εἷναί
594 3027 664 3111 φησ’
687 3027 817 3111 εὐλογίας
839 3030 969 3114 μεγάλης
991 3031 1006 3094 ὁ
1028 3031 1197 3103 διδάσκὰλος
1218 3033 1311 3117 ἡμῶν.

184 3130 222 3197 R.
239 3152 283 3198 vs.
308 3132 379 3198 706.
404 3134 428 3194 εἰ
449 3127 475 3194 δ’
488 3129 544 3214 ἐμὼ
568 3132 655 3218 ὀρθὸς
676 3134 741 3196 ἰδεῖν
764 3132 822 3216 βίον
845 3137 973 3223 ἄνερος.
999 3185 1005 3199 .
1031 3186 1037 3199 .
1063 3187 1070 3200 .

403 3236 435 3300 οὐ
457 3234 546 3299 πολὺν
569 3234 655 3301 obe’d
679 3239 803 3322 sillero:
824 3240 905 3311 οὗτος
928 3291 934 3304 .
960 3290 967 3305 .
992 3291 999 3304 .
1024 3246 1125 3331 χρόνον
1148 3244 1312 3333 ἐνδιατρίψει

186 3337 259 3426 LyS.
284 3362 327 3410 vs.
351 3344 424 3408 531.
450 3339 519 3404 ἀλλ’
533 3343 556 3404 εί
578 3342 653 3404 τοῦτ’
677 3343 806 3426 ἐμπόδιόν
828 3368 881 3427 σοι,

445 3445 512 3536 παρ’
535 3448 604 3532 ἐμοῦ
625 3449 701 3511 τουτί
722 3449 753 3512 τὸ
776 3452 914 3536 κάλυμμα
936 3451 1036 3536 λαβὼν

445 3553 495 3640 ἔχε
517 3553 564 3616 καὶ
586 3555 702 3642 περίθου
718 3556 779 3644 περί
794 3556 846 3642 τὴν
861 3559 1003 3646 κεφαλήν.

185 3668 252 3736 Νοο
286 3669 386 3738 solnm
421 3675 649 3742 substantivum
679 3682 711 3743 et
744 3677 932 3746 adiectirum
966 3681 1011 3746 ita
1043 3688 1221 3767 usurpatur,
1254 3684 1312 3751 sed

184 3775 281 3841 etiem
303 3773 485 3843 adverbium
508 3778 756 3865 praedicativum
779 3781 906 3866 legitur:

185 3877 221 3943 V.
245 3899 290 3946 vo.
314 3880 388 3944 892.
412 3880 436 3942 εἴ
456 3904 497 3952 τις
517 3884 635 3971 θύρασιν
658 3886 808 3972 ἡλιαστής,
832 3887 931 3957 είςίτω.
978 3889 1029 3954 oui
1051 3887 1179 3957 Homeri
1203 3911 1310 3957 exem·

185 3982 271 4065 plum
294 4004 459 4070 compares
482 3986 513 4051 Ψ
535 3989 597 4053 832
632 3991 656 4053 εί
689 3992 714 4053 οί
735 3991 783 4054 καί
809 3994 891 4075 μάλα
919 3994 1027 4059 πολλὸν
1046 3998 1193 4086 Ιοίπόπροίίυ
1219 3998 1311 4068 πίονες

185 4090 272 4177 ἀγροί,
300 4080 357 4164 ἕξει
384 4115 428 4175 μιν
451 4092 498 4155 καί
519 4097 601 4158 πέντε
623 4098 842 4185 περιπλομένους
864 4099 1005 4171 ἐνιαυτοὺς
1026 4104 1197 4190 χρεώμενος.
1237 4101 1292 4169 Sin

184 4194 333 4276 gulariter
355 4196 468 4264 eodem
492 4219 578 4266 more
601 4202 748 4288 exempla
770 4205 966 4273 conformata
989 4215 1062 4274 sunt
