3082 4664
680 240 890 301 ..32-

309 410 391 476 Raro
423 410 515 474 metri
539 425 645 476 'causa
664 410 708 478 ¹in
744 428 806 475 uno
840 409 1002 476 enuntiato
1037 411 1138 477 varias
1172 409 1347 496 particulae

222 515 339 580 formas
362 515 523 579 coniunxit
544 520 649 597 poeta,
673 511 773 578 velut:

281 615 317 682 N.
342 637 385 682 vs.
408 618 481 680 484.
505 617 540 701 ἢν
565 618 616 700 μὲν
638 611 664 699 γ’
678 616 828 701 ὀφείληταί
851 618 876 679 τί
899 640 954 700 μοι,
975 621 1095 702 μνήμων
1110 623 1192 702 πάνυ,

506 723 555 785 ἐὰν
578 720 603 785 δ’
617 723 736 808 ὀφείλω,
760 723 899 809 σχέτλιος,
924 724 1088 809 ἐπιλήσμων
1112 731 1192 789 πάνυ.

223 828 480 895 Eccl.vs.1097.
503 828 538 912 νὴ
562 829 613 914 τὴν
632 829 769 913 Ἑκάτην,
793 829 842 892 εὀἱν
866 852 897 893 τε
921 829 1012 914 βούλῃ
1035 828 1071 914 γ’,
1095 832 1131 916 ἥν
1154 854 1186 895 τε
1209 834 1259 915 μή.

223 933 365 1017 Denique
407 953 447 998 no
496 933 626 1019 copulae
669 954 740 1000 oum
786 935 942 1019 particula
986 935 1036 998 ε’άν
1083 937 1348 1003 consociationem

223 1041 416 1120 omittamus,
440 1039 585 1105 omnibus
607 1039 673 1106 fero
692 1039 771 1106 locis
793 1043 845 1103 κᾶν
869 1038 1018 1107 traditum
1041 1048 1191 1124 servatur,
1215 1047 1268 1106 aut
1293 1039 1348 1105 ubi
1380 1109 1383 1114 ,

222 1146 255 1211 in
272 1143 433 1211 codicibus
456 1145 509 1228 κήν
533 1149 697 1209 exaratum
720 1153 768 1211 est
781 1148 830 1226 (ut
844 1143 922 1210 th.
939 1164 983 1209 νε.
1000 1145 1072 1210 717.
1088 1151 1120 1210 et
1135 1144 1181 1210 Pl.
1198 1165 1242 1211 νε.
1260 1145 1349 1228 196),

227 1249 413 1316 restituitur.
457 1247 545 1315 Unus
567 1247 754 1335 Blaydesius
777 1247 819 1315 ad
840 1248 914 1335 Lys.
938 1269 982 1314 vs.
1008 1249 1102 1331 1055,
1125 1250 1273 1333 quoniam
1295 1252 1349 1312 κᾶν

223 1357 309 1422 valet
330 1355 377 1418 καὶ
400 1357 444 1432 ἄν,
467 1355 521 1421 ubi
543 1355 591 1418 καὶ
612 1355 662 1420 ε’άν
684 1374 817 1422 necesse
832 1362 890 1437 est,
906 1355 1021 1420 rectius
1037 1355 1131 1421 scribi
1153 1357 1207 1440 κήν
1231 1337 1348 1424 censet.

310 1459 536 1528 convertamus
551 1481 609 1528 nos
625 1461 667 1528 ad
681 1481 772 1528 usum
786 1461 961 1548 particulae
983 1461 1019 1546 ἤν
1034 1459 1123 1546 (ἐάν).
1150 1461 1348 1529 Coniunctivi
1401 1481 1404 1488 ’

223 1565 385 1650 primitiva
417 1564 503 1630 notio
537 1562 709 1631 accedente
742 1565 901 1651 particula
932 1567 967 1628 ἄν
999 1567 1129 1652 paulum
1158 1565 1348 1634 debilitatur.

224 1669 260 1736 ln
288 1670 458 1766 enuntiatis
485 1668 765 1753 condicionalibuu‚
792 1689 872 1755 quae
898 1691 957 1758 per
982 1671 1032 1734 ἐάν
1060 1672 1243 1754 formantur,
1273 1691 1349 1737 oon·
1390 1743 1398 1760 ‚

224 1775 381 1840 iunetiuus
405 1773 562 1840 desiderio
586 1775 656 1848 sive
675 1776 902 1860 exspectationi
925 1761 1065 1844 inservit.
1100 1776 1187 1854 Quae
1210 1795 1280 1841 cum
1305 1765 1349 1840 ita

127 1935 129 1938 .
225 1879 292 1944 sint
313 1876 354 1942 ad
376 1883 501 1963 tempus
522 1879 727 1964 praeteritum
755 1877 815 1944 hoo
840 1899 939 1961 genus
967 1880 1075 1946 referri
1103 1881 1219 1964 nequit.
1266 1878 1347 1944 Oon-

225 1982 381 2047 iunotivus
403 2000 465 2047 uno
489 1981 559 2048 loco
574 1991 706 2067 excepto
724 1981 798 2064 (Αν.
810 2001 856 2048 νε.
868 1983 946 2068 554)
962 2004 1088 2069 semper
1103 1992 1157 2048 aut
1171 1983 1348 2068 praesentis
1394 1981 1397 1988 ’

227 2093 283 2150 aut
305 2085 411 2150 aoristi
435 2089 494 2166 est,
510 2085 563 2169 qui
586 2082 741 2168 quomodo
765 2083 912 2151 differant
933 2085 1017 2152 haud
1040 2087 1132 2152 facile
1148 2086 1345 2168 intellegitur,

227 2207 298 2254 oum
322 2207 383 2254 non
408 2188 552 2254 omnibus
574 2188 652 2255 locis
674 2188 782 2254 aoristi
804 2188 851 2254 vis
873 2190 1040 2275 perspicua
1060 2190 1109 2255 sit.
1154 2187 1241 2266 Quae
1256 2207 1346 2272 supra

227 2290 267 2357 de
290 2291 396 2357 aoristi
419 2291 605 2376 imperativo
627 2291 907 2374 grammaticorum
928 2290 1046 2357 iudicia
1065 2291 1269 2372 allegavimus
1288 2279 1348 2356 hoe

226 2395 296 2461 loco
320 2393 360 2460 de
390 2394 589 2460 coniunctim
617 2400 759 2479 repetere
786 2394 896 2460 inutile
923 2399 983 2475 est,
1011 2415 1140 2478 quorum
1170 2395 1289 2460 nullum
1318 2395 1350 2459 iu

227 2499 333 2564 omnia
355 2496 502 2582 exempla
531 2495 672 2580 quadrat.
718 2496 845 2564 Ernesti
866 2503 969 2562 autem
993 2496 1181 2584 disputatio:
1210 2496 1270 2580 „do
1294 2518 1351 2562 usu

227 2603 336 2668 aoristi
351 2607 392 2671 ¹et
413 2599 589 2686 praesentis
617 2600 787 2666 coniuutivi
816 2601 850 2664 in
877 2601 1048 2667 enuntiatis
1071 2602 1219 2682 relativis,
1242 2598 1351 2665 condi-

228 2705 410 2786 cionalibus‚
433 2702 691 2788 temporalibus“.
727 2703 886 2786 Marburgr'
920 2723 1010 2770 anno.
1038 2707 1119 2770 1873
1150 2705 1245 2786 edita,
1274 2704 1351 2769 nihil

226 2807 326 2874 affert.
362 2807 545 2893 Simplicem
561 2806 806 2893 explicationem
823 2807 956 2873 aoristus
971 2806 1067 2875 habet
1081 2810 1112 2873 in
1130 2809 1186 2872 Αν.
1199 2815 1246 2874 νε.’
1257 2807 1351 2874 1606.

539 2910 570 2973 od
593 2913 647 2998 peip
670 2917 769 2995 μεῖζον
793 2908 871 2993 ὑμεῖς
894 2911 918 2973 οἱ
941 2913 1003 2975 beot
1093 2987 1095 2993 Ι

380 3015 514 3103 ἰσχύσετ’,
539 3019 574 3102 ἣν
598 3018 708 3105 ὄρνιθες
731 3006 853 3104 ἄρξωσιν
876 3023 969 3099 κάτω;
1017 3098 1023 3112 .
1113 3011 1166 3096 [ὢν
1189 3012 1349 3101 περινοστῇ,

228 3124 254 3188 si
277 3142 351 3188 aves
367 3121 613 3188 dominationem
629 3132 732 3187 terrae
754 3121 888 3208 adeptae
912 3129 1011 3189 erunt.
1046 3118 1165 3185 Eadem
1181 3119 1348 3182 rationein

227 3226 272 3293 Pl.
296 3247 341 3292 vs.
364 3227 436 3290 494.
461 3227 496 3310 ἦν
519 3226 610 3312 polp'd
633 3224 766 3296 Πλοῦτος
787 3225 844 3289 νυνὶ
867 3225 962 3312 βλέψῃ
986 3222 1094 3307 καὶμὴ
1117 3221 1224 3308 τυφλὸς

462 3331 502 3402 ὡς
524 3331 590 3401 τοὺς
613 3329 739 3414 ἀγαθοὺς
761 3339 818 3394 τῶν
842 3333 1001 3419 ἀνθρώπων
1024 3329 1162 3413 βαδιεῖται.

228 3437 362 3503 aoristus
379 3444 409 3502 et
424 3456 574 3521 praesens
591 3455 681 3502 suam
697 3437 857 3500 notionem
874 3442 1013 3515 servant3
1030 3433 1142 3498 aoristo
1158 3430 1353 3516 significatur

115 3696 118 3702 ·
228 3675 383 3730 Secundum
402 3677 558 3730 Winterum
579 3675 628 3741 „de
647 3673 787 3728 modorum
809 3675 837 3726 in
862 3673 1015 3728 enunciatis
1033 3671 1262 3727 conditionalibus
1281 3673 1353 3742 apud

228 3763 350 3832 tragicos
368 3754 483 3831 graecos
501 3765 566 3816 usu“
586 3761 720 3831 reperitur
1101 3773 1105 3782 ·

638 3845 689 3899 ἐάν
791 3843 825 3908 ἦν
927 3844 980 3897 κᾶν

333 3932 406 4003 apud
424 3931 594 4002 Aeschylum
657 3935 673 3987 8
797 3933 814 3986 3
953 3934 965 3984 l

427 4018 589 4089 Sophoclem
652 4019 685 4072 22
788 4019 822 4072 28
943 4018 974 4071 19

426 4104 586 4176 Euripidem
651 4107 681 4158 11
781 4106 828 4159 lta
941 4104 982 4170 83,
1000 4103 1099 4174 quibus
1122 4103 1193 4156 addo
1215 4118 1354 4158 numeros:

213 4211 216 4217 ¹
332 4193 405 4263 apud
423 4189 638 4260 Aristophanem
648 4191 681 4245 59
777 4191 831 4292 tlh
938 4192 1026 4246 hh·
