3082 4664
720 262 930 326 ..46-

266 449 315 512 ἐάν
338 449 505 536 ἀναβλέψῃς
527 449 562 514 σὺ
584 450 631 514 καὶ
653 450 701 513 ε’ἀν
725 451 893 537 ἀναβλέψῃς
914 453 1010 540 μικρὸν
1032 456 1141 542 χρόνον.
1179 451 1231 517 Ad
1252 449 1322 533 hoc,
1344 449 1386 516 de

265 573 325 637 quo
349 556 482 638 agimus,
504 554 630 622 dicendi
652 573 751 637 genus
765 557 926 641 pertinent
939 577 1032 643 porro
1053 559 1219 624 coniuncta
1233 555 1388 622 voeabula

264 659 341 745 πλὴν
363 662 396 738 εἰ,
420 678 510 745 quae,
536 661 563 727 si
589 657 715 726 codices
741 659 937 747 respicimus,
965 661 1012 730 his
1034 660 1119 748 apud
1140 658 1387 745 Aristophanem

264 763 432 831 hahentur:

263 867 321 934 Av.
339 889 382 935 vs.
398 869 470 934 601.
499 867 588 939 οὐθεὶς
603 868 674 932 οἷθεν
686 869 734 932 τὸν
750 869 896 958 θησαυρὸν
908 870 956 933 τὸν
973 869 1041 954 ἐμὸν
1053 870 1133 954 πλὴν
1149 870 1224 939 εἴτις
1235 867 1280 958 ἀμ’
1299 871 1382 956 ὄρνις.

227 1039 232 1046 ,
263 971 387 1041 Thesm.
406 994 449 1042 vs,
467 975 540 1039 531.
564 972 632 1038 ἀλλ’
645 975 677 1038 οὐ
699 982 752 1065 peip
775 976 832 1040 ἐστι
854 983 911 1040 τῶν
934 977 1124 1063 ἀναισχύντων
1148 977 1228 1065 φύσει
1249 983 1385 1062 Ῑοναικάιν

561 1079 640 1145 οὐθὲν
662 1087 757 1146 κάκιον
781 1084 820 1153 εἰς
843 1085 953 1148 ἅπαντα
975 1081 1051 1167 πλὴν
1074 1081 1119 1171 ἀρ’
1144 1084 1168 1145 εἰ
1189 1090 1322 1168 γυναῖκες.

263 1181 440 1251 Scholiasta
466 1186 578 1272 prioris
600 1207 708 1254 versus
730 1193 899 1256 exuetere
920 1189 1085 1275 proverbio
1112 1188 1202 1260 οὐθείς
1224 1213 1260 1273 με
1282 1190 1386 1276 θεωρεῖ
1516 1235 1517 1260 .

262 1290 339 1375 πλὴν
376 1291 390 1353 ὁ
427 1298 633 1380 ταμιττάμενος
669 1295 742 1381 ὄρνις
777 1299 904 1379 poetam
947 1313 1071 1360 versum
1112 1293 1242 1361 finxisse
1281 1293 1383 1361 docet.

264 1394 354 1472 Quod
376 1397 408 1462 in
430 1399 594 1484 proverbio
609 1399 764 1484 particula
785 1402 861 1486 πλήν
884 1419 995 1467 vocem
1017 1403 1041 1464 εἰ
1062 1420 1126 1467 non
1141 1400 1273 1468 adscivit
1287 1402 1384 1468 docu-

262 1506 368 1566 mento
396 1508 454 1586 est,
481 1521 575 1586 quam
602 1508 696 1570 tenue
723 1503 893 1573 discrimen
920 1506 1001 1572 inter
1029 1511 1192 1590 utramque
1213 1504 1384 1572 dictionem

262 1603 368 1685 fuerit3
392 1603 449 1672 sed
471 1625 564 1672 nemo
586 1607 750 1693 positionis
766 1611 829 1675 vim
844 1609 999 1696 partienda
1020 1611 1044 1673 εἰ
1067 1607 1172 1676 afferri
1193 1630 1255 1677 non
1278 1610 1385 1676 sentit.

262 1706 448 1793 Meinekins‚
471 1731 533 1794 qua
554 1718 622 1778 erat
643 1714 797 1782 sermonis
819 1715 926 1798 graeci
948 1715 1065 1783 eximia
1091 1716 1235 1800 scientia,
1261 1713 1384 1781 duobus

261 1811 310 1879 his
332 1812 410 1879 locis
431 1813 566 1880 addidit:
1214 1851 1218 1858 ·

262 1913 299 1983 N.
315 1936 358 1983 vs.
381 1917 452 1984 360.
476 1919 508 1982 οὐ
530 1921 583 2008 peip
606 1920 640 1987 ἀν
663 1921 747 2007 ἄλλῳ
769 1919 795 2005 γ’
809 1920 1013 2008 ὑπακούσαιμεν
1026 1973 1034 1988 .
1049 1971 1078 1988 ..
1098 1923 1175 2009 πλὴν
1197 1925 1217 2009 ἡ
1239 1923 1380 2012 Προδίκῳ.

378 2024 450 2089 734.
474 2023 561 2112 (ἔχεις
583 2025 635 2110 τις)
660 2027 718 2092 Str.
743 2028 821 2092 οὐθέν
843 2052 882 2114 γε,
897 2030 973 2115 πλὴν
995 2032 1016 2116 ἡ
1039 2030 1070 2094 τὸ
1093 2033 1159 2101 πέος
1182 2030 1211 2094 ἐν
1234 2040 1273 2114 τῇ
1294 2019 1380 2116 δεξιᾷ.

262 2125 394 2196 Codices
431 2131 463 2196 in
498 2132 575 2217 πλὴν
608 2133 628 2218 ἦ
662 2136 869 2203 consentiunt.
925 2134 1120 2221 Quamquam
1157 2137 1307 2203 correctio
1343 2155 1381 2201 ea

261 2238 318 2316 est,
356 2255 437 2319 quae
473 2237 570 2304 fidem
604 2239 695 2306 nohis
729 2239 834 2307 faccre
866 2242 967 2326 possit
1000 2242 1048 2326 (et
1082 2242 1220 2308 Kockius
1256 2240 1378 2326 quidem

261 2334 454 2406 Meinokium
477 2348 601 2410 secutus
624 2342 695 2426 est),
718 2347 910 2411 tamencum
925 2344 1067 2410 inutilem
1084 2344 1199 2411 iudico.
1232 2343 1380 2411 Pleonas-

260 2460 346 2506 mum
369 2445 463 2527 enim,
487 2465 579 2529 quem
595 2452 718 2530 vocant,
741 2448 905 2516 verborum
927 2448 1003 2533 πλὴν
1025 2449 1046 2534 ἤ
1073 2449 1150 2516 satis
1168 2449 1249 2515 tueri
1269 2468 1381 2534 possu-

260 2568 330 2615 mus
358 2549 517 2616 simillimo
543 2551 767 2637 particularum
790 2553 880 2638 ἀλλ’ἢ
904 2573 971 2636 usu,
999 2552 1086 2620 velut
1112 2553 1191 2619 Plat.
1215 2552 1307 2638 Apol.
1330 2555 1383 2620 34.

259 2655 320 2719 τίνα
343 2656 434 2719 ἀλλον
461 2656 555 2745 ἔχουσι
577 2657 661 2742 λάῑον
688 2657 861 2744 βοηθοῦντες
888 2659 950 2742 ἐμοὶ
985 2658 1076 2744 ἀλλ’ἢ
1098 2659 1145 2722 τάν
1169 2658 1255 2747 ὀρθόν
1278 2679 1310 2721 τε
1335 2659 1384 2721 καὶΙ
1517 2649 1518 2702 λ

259 2761 373 2838 δίκαιον,
398 2764 438 2826 ὅτι
460 2763 523 2825 κτλ.
555 2761 680 2829 Deinde
695 2763 824 2850 paulum
840 2764 932 2830 aliter
953 2765 1155 2850 exceptiones
1178 2767 1383 2849 comparatae

260 2873 332 2932 sunt
353 2872 446 2951 atquc
467 2868 500 2933 in
522 2868 677 2954 prioribus
693 2869 834 2936 versibus
850 2875 891 2951 et,
914 2870 974 2937 nisi
989 2889 1040 2936 me
1054 2868 1145 2951 fallit,
1168 2865 1248 2934 Nub.
1260 2887 1305 2934 vs.
1319 2870 1384 2932 734

258 2970 408 3055 positioni
429 2991 486 3057 per
507 2970 695 3058 particulam
719 2973 743 3036 εἰ
763 2971 923 3040 indicatae
944 2992 1072 3060 prorsus
1095 2971 1276 3054 refragatur,

345 3075 401 3142 Sat
418 3077 560 3159 angustis
575 3075 688 3144 finibus
703 3076 788 3163 apud
803 3077 1046 3164 Aristophanem
1061 3077 1136 3165 εἴπερ
1158 3099 1225 3141 ποτε
1241 3077 1381 3164 (πώποτε)

260 3189 291 3249 et
317 3182 341 3245 εἴ
367 3204 408 3252 τις
435 3183 527 3253 ἄλλος
554 3184 619 3250 sive
645 3183 720 3272 εἴπερ
747 3205 789 3254 τις
816 3184 908 3254 ἄλλος
935 3183 1173 3268 circumscripta
1206 3187 1288 3250 sunt
1333 3184 1382 3249 Ac

130 3367 136 3378 .
258 3289 393 3374 primum
421 3287 547 3372 quidem
574 3289 649 3376 εἴπερ
676 3311 716 3360 τις
743 3291 835 3360 ἀλλος
861 3309 918 3373 pro
947 3288 1135 3373 superlativo
1158 3286 1325 3354 adhibetur
1347 3290 1381 3354 in

258 3392 344 3460 Eccl.
359 3413 401 3461 vs.
417 3395 467 3459 79.
483 3394 518 3479 νὴ
533 3395 581 3459 τάν
597 3397 648 3459 Δία
663 3396 710 3459 τὸν
725 3393 833 3484 σωτῆρ’
849 3395 1001 3479 ἐπιτήδειός
1011 3391 1037 3479 μ’
1050 3393 1084 3459 ἀν
1098 3393 1134 3478 ἦν
1150 3392 1207 3478 (se.
1225 3395 1239 3457 ὁ
1255 3394 1380 3478 Λαμίας)

482 3499 531 3565 81.
556 3501 631 3589 εἴπερ
654 3523 694 3572 τις
716 3503 808 3572 ἀλλος
831 3499 975 3585 βουκολεῖν
998 3500 1029 3563 τὸ
1052 3500 1160 3584 θήμιον.
1258 3581 1260 3588 y

260 3603 338 3670 (ium
363 3604 407 3678 ,ad
434 3604 659 3672 adiectivorum
685 3607 750 3673 vim
775 3605 953 3689 augendam
981 3605 1137 3673 conferret
1158 3605 1182 3668 εἴ
1208 3626 1250 3676 τις
1276 3602 1379 3682 ἀλλος,

258 3710 361 3796 ipsum
385 3727 456 3776 cum
479 3709 657 3795 adiectivis‚
674 3710 717 3777 ad
732 3731 812 3796 quae
827 3710 1028 3779 referendum
1050 3717 1108 3794 est,
1130 3709 1323 3794 flectebatur,
1346 3718 1382 3776 ut

259 3815 363 3880 elucet
385 3833 425 3878 ex
446 3811 528 3879 Pluti
785 3813 786 3816 ’

360 3937 404 3983 vs.
427 3917 499 3982 653.
523 3917 564 3989 ὡς
585 3921 638 4007 peip
661 3917 768 4007 τάχιστ’
782 3921 944 4009 ἀφικόμεθα
966 3920 1036 4007 πρὸς
1057 3919 1104 3984 τάν
1127 3919 1195 3984 θεὸν

516 4027 630 4110 ἄγοντες
653 4028 740 4115 ἀνθμα
762 4030 827 4091 τότε
850 4024 901 4111 μὲν
924 4026 1113 4104 ἀθλιώτατον,

516 4137 564 4194 νῦν
587 4129 613 4194 θ’
637 4132 660 4194 εἴ
682 4129 732 4197 τιν’
756 4134 847 4197 ἀλλον
862 4137 1006 4221 ,μακάριον
1029 4133 1206 4217 κεύδαίμονα,

517 4244 627 4326 πρῶτον
651 4237 702 4322 μὲν
725 4239 809 4303 αὐτὸν
831 4239 875 4303 ἐπὶ
896 4240 1046 4304 θάλατταν
1068 4241 1182 4326 ἥκομεν.
