3082 4664
660 289 872 351 ,29-

204 482 325 549 Gentius
348 480 388 548 de
415 480 516 546 altero
545 478 636 543 huius
664 495 737 542 usus
763 475 909 561 exemplo
933 474 1106 540 admodum
1132 472 1327 540 memorabili
1413 499 1415 504 v

138 610 141 618 ·
202 585 343 651 indicare
381 603 558 670 possumus.
615 580 694 646 Cum
731 581 765 644 in
802 579 951 665 parabasi
989 584 1056 643 tum
1095 580 1128 644 in
1164 576 1328 664 parabasis

202 687 415 775 epirrhemate
438 689 471 752 et
493 682 758 770 antepirrhemate
777 682 880 768 poetis
904 682 973 752 ἔθος
993 684 1107 770 χρηστοὶ
1130 681 1328 765 συμβουλεύειν

201 790 241 878 rr]
263 795 352 858 ποδει.
390 789 510 875 Itaque,
533 790 560 856 si
583 794 638 855 aut
658 786 836 854 fabulosam
858 787 953 853 vitam
977 787 1207 874 spectatoribus
1231 807 1327 872 expe-

202 900 333 967 tendam
360 896 502 983 depingit
523 901 578 961 aut
604 894 739 960 civitatis
765 912 870 960 mores
896 893 1059 979 proposita
1084 893 1223 958 melioris
1246 892 1329 958 vitae

202 1003 343 1086 imagine
376 998 545 1066 emendare
579 995 695 1079 studet,
727 1001 824 1082 poeta
857 995 1051 1064 condicionis
1084 1016 1147 1062 nun
1179 995 1345 1080 impletae.

203 1107 312 1174 formis
334 1111 438 1171 utatur
465 1121 598 1169 necesse
620 1105 681 1184 cst,
706 1098 848 1184 id'qnod
873 1099 1121 1166 luculentissime
1142 1121 1181 1166 ex
1203 1099 1260 1164 Av.
1282 1118 1327 1165 vs.

204 1210 266 1273 785
308 1214 448 1295 apparet.
509 1203 693 1292 Optativnm
730 1202 1123 1288 Thesmophoriau'usarum
1164 1204 1197 1269 in
1234 1222 1328 1288 para·
1418 1199 1420 1202 ’

205 1313 272 1379 basi
293 1310 400 1378 habes.

202 1436 247 1482 vs.
270 1416 342 1480 832.
365 1422 439 1502 χρῆν
461 1415 525 1502 γὰρ,
548 1415 632 1499 ἡμῶν
656 1413 681 1476 εἰ
702 1413 777 1474 τέκοι
799 1433 840 1481 τις
863 1413 951 1500 ἄνδρα
973 1412 1098 1499 χρηστὸν
1121 1413 1161 1494 τῇ
1183 1412 1272 1487 πόλει,

365 1520 512 1608 προεδρίαν
536 1517 613 1602 αὐτῇ
634 1517 762 1581 δίδοσθαι
784 1517 847 1580 κτλ.
970 1559 975 1570 ·

201 1623 268 1702 Quo
296 1625 399 1707 magis
425 1623 603 1710 optativum*
627 1622 805 1708 imperfecti
831 1642 918 1688 more
940 1623 1076 1707 positum
1101 1643 1171 1689 esse
1194 1623 1326 1705 eluceat,

202 1748 243 1793 ex
264 1726 356 1792 Pacis
378 1727 524 1812 parabasi
547 1725 721 1812 adponam:
1025 1799 1031 1816 .
1274 1749 1279 1758 ·

202 1851 248 1896 vs.
271 1831 343 1896 734.
365 1831 438 1918 χρῆν
462 1828 731 1914 percurreremus
755 1855 770 1916 ρ
793 1829 937 1917 βδοὺχοος,
967 1831 991 1892 εἴ
1017 1852 1058 1900 τις
1088 1829 1329 1916 κωμῳδοποιητὴς

167 1929 171 1935 ⁴
369 1935 453 2000 αὑτὸν
476 1936 581 2020 ἐπῄνει.

286 2047 454 2134 Postquam
477 2049 589 2114 'varias
620 2046 767 2132 epodosis
797 2047 914 2114 formas
945 2048 1196 2114 enumeravimus
1233 2056 1326 2133 atquc

201 2151 434 2235 illustravimus,
467 2153 647 2239 proximum
680 2161 729 2217 est
761 2158 796 2216 ut
822 2151 862 2217 de
885 2151 1023 2236 optativo
1051 2153 1083 2217 in
1111 2152 1229 2236 protasi
1257 2172 1326 2217 oum

201 2259 235 2319 ἄν
258 2263 436 2325 constructo
464 2256 617 2321 dicamus.
661 2241 826 2320 Librorum
850 2255 1002 2320 memoria
1028 2275 1123 2319 unum
1147 2255 1333 2341 exemplum

200 2359 350 2428 traditum
372 2364 436 2427 est:
905 2444 908 2450 Ι
1028 2435 1029 2438 ¹

202 2463 282 2530 Nub.
305 2484 350 2529 vs.
374 2465 466 2528 1183.
490 2463 541 2526 οὐκ
564 2465 599 2526 ἂν
622 2464 742 2545 γένοιτο;
766 2461 822 2527 Ph.
845 2467 907 2532 πῶς
928 2466 996 2550 ράρ;
1021 2462 1045 2524 εἰ
1067 2465 1108 2546 μή
1132 2463 1183 2549 πέρ
1205 2461 1231 2545 ρ’
1245 2465 1305 2545 ἄρα

493 2569 565 2654 αὑτὴ
588 2567 685 2653 γένοιτ’
709 2570 743 2630 ἂν
766 2573 853 2656 ρραῦς
875 2590 906 2632 τε
928 2569 975 2631 καὶ
997 2571 1048 2631 νέα
1070 2571 1149 2652 γονή.

201 2673 285 2760 quod
312 2672 352 2739 de
379 2679 553 2740 structurae
580 2675 702 2741 ratione
729 2693 792 2740 non
819 2687 1005 2758 quaerentes
1039 2675 1182 2740 certatim
1211 2673 1326 2740 delent.

200 2778 248 2845 De
281 2778 332 2860 ἕνῃ
360 2776 408 2839 καὶ
441 2778 492 2861 νέᾳ
525 2778 590 2859 agit
615 2775 831 2862 Phidippides,
857 2797 937 2861 quae
962 2776 1030 2842 fieri
1063 2797 1126 2842 non
1152 2778 1262 2862 possit,
1297 2783 1329 2841 et

201 2880 374 2968 Strepsiadi
397 2882 524 2947 miranti
545 2901 612 2947 rem
628 2881 774 2967 exemplo
789 2883 911 2967 probat.
929 2880 1093 2968 Optativus
1116 2883 1148 2947 iu
1166 2882 1326 2947 enuntiato

200 2984 411 3052 condicionali
433 2984 624 3072 potentialis,
648 2985 699 3069 qui
723 2992 861 3069 vocatur,
884 2992 942 3068 est,
965 3005 1108 3070 quorem
1130 2985 1205 3070 poni
1229 2985 1327 3067 signi-

198 3089 318 3156 ficatur.
371 3088 428 3155 Oui
456 3089 483 3155 si
508 3088 665 3175 particula
691 3091 725 3152 ἄν
752 3088 888 3175 additur,
915 3091 1014 3176 ipsius
1043 3091 1218 3156 sententiae
1246 3087 1326 3156 fides

199 3193 399 3259 deminuitur.
444 3191 580 3276 Egregie
602 3193 697 3275 igitur
718 3194 882 3261 huic'loco
905 3201 1013 3279 aptam
1036 3213 1107 3260 esse
1135 3193 1326 3275 singularem

198 3297 475 3379 constructionem,
508 3315 601 3362 nemo
629 3302 678 3362 est
710 3298 784 3381 quin
818 3297 989 3390 intellegat.
1040 3293 1103 3363 Sed
1136 3298 1232 3362 etiam
1263 3296 1327 3363 alia

198 3401 320 3465 ratione
353 3401 510 3486 optativus
544 3419 616 3465 oum
644 3403 678 3464 dv
710 3401 862 3468 firmatur.
910 3399 1117 3487 Phidippides
1150 3401 1247 3466 verba
1279 3403 1327 3468 sic

200 3499 310 3567 efferre
331 3505 447 3589 potuit:
471 3505 496 3568 ei
523 3508 564 3589 μή
592 3507 643 3594 πέρ
670 3503 759 3593 ρ’ἅμα
786 3506 858 3591 αὕτη
882 3507 998 3590 pinsetur
1021 3505 1085 3582 κτλ,
1108 3505 1276 3588 inquibus
1299 3507 1325 3573 si

199 3609 316 3692 ρὶρνεται
331 3629 387 3694 per
400 3607 498 3694 γένοιτ’
522 3613 557 3675 ἄν
580 3613 874 3699 circumscripseris,
890 3609 1041 3679 traditam
1057 3609 1203 3677 codicum
1225 3611 1324 3701 scrip-

199 3720 302 3779 turam
325 3712 467 3782 hebebis.

287 3819 431 3905 Denique
450 3820 670 3889 disserendum
686 3830 735 3890 est
750 3822 790 3889 de
804 3823 844 3888 iis
859 3822 1029 3888 enuntiatis
1046 3821 1325 3905 condicionalibus,

199 3944 280 4009 qnae
302 3929 356 3989 aut
378 3923 523 4007 obliquae
546 3927 678 3992 orationi
702 3927 820 3992 inserta
835 3932 907 3990 sunt
922 3932 976 3989 aut
992 3926 1163 3992 enuntiatis
1178 3925 1325 3992 finalibus

198 4027 349 4094 subiecta.
393 4024 501 4092 Pauca
521 4033 644 4094 tantum
668 4026 815 4113 exempla
836 4027 927 4094 huius
949 4029 1073 4110 generis
1096 4027 1181 4114 apud
1204 4029 1325 4097 Aristo-

198 4128 335 4215 phanem
364 4135 498 4212 exstant,
525 4129 610 4215 quod
636 4133 682 4198 ita
709 4130 870 4216 explicant
894 4132 1103 4214 grammatici,
1130 4139 1164 4196 nt
1196 4133 1220 4194 εἰ
1253 4152 1324 4198 cum

198 4235 335 4320 optativo
357 4236 494 4320 positum
510 4254 580 4302 esse
594 4255 652 4321 pro
675 4235 724 4298 ἐάν
748 4253 818 4301 cum
836 4236 1033 4303 coniunctivo
1050 4237 1202 4304 orationis
1217 4241 1325 4332 rectae
