3082 4664
643 341 689 349 ..,
730 307 768 367 11
816 339 855 350 -

189 495 373 562 Goniunotio
397 496 443 557 καί
465 515 528 560 non
556 494 657 560 solum
680 495 704 555 εἰ
731 476 903 579 particulae
927 492 989 555 vim
1013 488 1108 572 auget
1130 488 1188 556 sed
1216 489 1311 554 etiam

188 599 274 666 verbi
297 600 405 684 ἀλγεῖν;
428 600 626 664 humerorum
645 597 752 663 dolore
775 597 801 661 si
825 595 892 678 quis
914 592 1056 675 afficitur,
1080 594 1167 659 oneri
1182 591 1311 657 ferendo

187 704 291 789 impar
323 712 380 787 ost,
410 701 526 768 nedum
559 706 689 767 onustus
716 698 942 784 progrediatur.
992 696 1065 760 Alia
1098 697 1183 761 vocis
1210 697 1256 758 καί
1290 699 1313 759 εἰ

187 808 269 873 ratio
294 814 352 890 est,
376 827 438 891 qua
458 802 688 893 Aristophanes
711 802 810 867 trihus
831 801 910 865 locis
933 819 1006 864 usus
1029 806 1085 866 est.
1109 795 1156 861 κάῖ
1178 802 1202 863 εἰ
1224 821 1313 866 usur-

188 917 280 994 p'atur
304 909 344 975 de
366 930 401 975 re
424 925 516 992 quam
539 906 607 971 fiori
629 905 805 970 indicamus
828 902 923 968 etiam
946 910 1012 967 tum
1034 903 1060 968 si
1079 906 1214 990 protasis
1238 925 1312 970 oon·

190 1012 272 1078 dioio
286 1013 418 1099 impleta
433 1016 526 1092 esset,
543 1009 630 1074 ouius
645 1008 803 1073 sententia
818 1006 934 1090 etipsa
948 1006 1155 1091 opposita'est
1170 1008 1313 1093 apodosi.

295 1114 334 1180 V.
351 1135 396 1181 vs.
414 1116 507 1178 1332.
532 1113 552 1196 ἠ
576 1112 632 1195 μὴν
656 1111 690 1174 σὺ
712 1113 812 1180 δώσεις
835 1109 928 1196 αὔριον
951 1110 1058 1171 τούτων
1081 1110 1160 1194 δίκην

523 1221 590 1302 ἡμῖν
614 1221 710 1292 ἅπασι,
734 1218 776 1278 κεῖ
799 1212 899 1302 opohp'
923 1214 946 1276 εἶ
969 1216 1089 1285 νεανίας.

191 1331 250 1410 Qut
276 1332 452 1398 iuveniliter
474 1331 619 1413 exsultat,
647 1331 699 1395 vix
727 1349 846 1415 poenas
874 1349 907 1394 se
935 1326 1079 1392 daturum
1108 1321 1176 1395 esse
1205 1329 1314 1412 credit,

191 1436 248 1504 sed
263 1435 398 1502 affirmat
412 1424 593 1519 Bdelyoleo‚
613 1453 733 1518 poenas
752 1432 856 1516 repeti,
869 1451 888 1495 a
903 1429 1113 1514 Philocleone,
1138 1434 1197 1499 etsi
1222 1433 1313 1499 valde

192 1539 368 1605 iuveniliter
390 1536 534 1602 exsultet.
580 1535 737 1620 Apodosis
759 1534 915 1619 particula
937 1534 1017 1616 ὅμως
1037 1534 1208 1601 inducitur:

234 1641 380 1707 Euctus.
398 1640 470 1706 888.
494 1643 537 1702 κεῖ
558 1642 611 1727 peip
634 1637 668 1702 δι’
692 1640 780 1725 ὄχλου
803 1636 879 1701 τοῦτ’
903 1638 962 1701 ἐστὶ
984 1647 1042 1709 τοῖς
1064 1640 1229 1723 θεωμένοις,

491 1748 569 1829 ὅμως
592 1745 648 1831 ἔχει
671 1747 786 1833 τερπνόν
809 1765 834 1806 τι
856 1744 903 1806 καὶ
925 1745 1101 1829 κωμῳδικόν.

278 1856 469 1924 Perlustrato
496 1860 556 1926 hoc
583 1858 813 1923 enuntiatorum
842 1857 1106 1924 condicionalium
1134 1877 1249 1940 genere
1277 1853 1319 1920 ad

194 1959 280 2025 aliud
302 1962 483 2045 transimus
513 1963 601 2027 cuius
629 1961 763 2045 protasis
790 1961 945 2046 particula
971 1963 995 2023 εἰ
1017 1983 1088 2028 oum
1115 1960 1224 2042 futuro}
1246 1980 1320 2025 oon·

192 2065 301 2128 iuncta
322 2063 485 2130 formatur.
520 2062 620 2141 Quam
644 2066 764 2150 ψυχικὴν
786 2064 909 2127 διάθεσιν
934 2072 1046 2131 vocant
1067 2064 1264 2148 grammatici
1286 2066 1319 2128 in

194 2166 253 2232 hoc
286 2187 411 2250 genere,
439 2168 532 2233 utin
559 2169 673 2253 priore,
696 2169 881 2256 plerumque
909 2168 1008 2246 abest,
1041 2159 1102 2234 nisi
1134 2166 1219 2252 quod
1251 2187 1319 2232 rem

194 2270 357 2336 enuntiato
391 2266 601 2336 condicionali
635 2272 843 2354 significatam
877 2279 1059 2337 eventuram
1093 2291 1177 2336 esse
1200 2270 1251 2333 vix
1285 2289 1318 2334 se
1429 2275 1433 2286 ’

193 2379 379 2470 exspectare
410 2374 437 2439 is
465 2375 535 2458 qui·
550 2374 689 2467 loquitur
715 2375 841 2460 saepius
869 2381 987 2440 censet.
1038 2370 1148 2439 Tribus
1181 2372 1260 2437 locis
1288 2373 1319 2435 in

193 2476 312 2558 protasi
351 2475 489 2541 futurum
526 2477 643 2562 passivi
683 2478 845 2563 usurpavit
877 2475 1121 2563 Aristophanes:
1159 2474 1238 2558 Equ.
1272 2494 1318 2541 us.

196 2578 266 2640 175.
290 2577 347 2643 Au.
371 2597 416 2642 vs.
442 2581 513 2644 177.
537 2579 574 2645 R.
597 2600 641 2646 vs.
665 2582 738 2643 254.
773 2578 1052 2646 Memorabilisest
1069 2578 1166 2643 futuri
1181 2589 1213 2643 et
1228 2597 1320 2662 prae·

195 2682 293 2747 sentis
328 2681 468 2747 confusio
503 2703 597 2766 quam
627 2683 744 2749 Cobeto
775 2684 951 2768 exstirpare
985 2702 1048 2747 non
1082 2682 1227 2763 contigit:
1262 2681 1319 2746 Αν.

196 2804 241 2874 vs.
267 2785 359 2848 1225.
382 2785 526 2847 δεινότατα
548 2791 601 2874 γάρ
624 2808 665 2849 τοι
687 2786 863 2869 πεισόμεσθ’,
888 2785 1071 2870 ἐμοὶδοκεῖν,

334 2891 358 2952 εἰ
379 2896 436 2953 τῶν
459 2888 510 2973 μὲν
533 2892 634 2954 ἄλλων
657 2894 793 2980 ἄρχομεν,
818 2891 896 2976 ὑμεῖς
917 2891 942 2956 δ’
956 2893 980 2956 οἱ
1002 2891 1065 2954 θεοὶ
1088 2891 1317 2953 ἀκολαστανεῖτε.
1413 2927 1418 2938 ·

194 2993 282 3058 cuius
315 2995 467 3060 rationem
503 2996 641 3063 Kookius
675 2998 756 3063 bene
782 2998 954 3083 perspexit,
989 2998 1040 3081 qui
1075 2996 1170 3061 verba
1203 2993 1343 3060 redditz.

191 3086 297 3181 wenti,
321 3097 472 3164 wahrend
494 3101 551 3165 wir
573 3100 635 3166 alle
657 3100 787 3180 subrigen
811 3100 1030 3182 beherrschen,
1053 3099 1102 3164 ihr
1124 3103 1202 3164 stets
1224 3116 1320 3162 euren
1421 3120 1424 3126 ·

195 3197 371 3265 Mutwillen
393 3202 524 3269 mitons
539 3201 613 3268 sollt
634 3203 754 3268 treihen
771 3203 908 3268 konnen.
952 3201 1005 3268 Ad
1026 3207 1203 3287 temporum
1220 3201 1320 3282 varie

193 3308 290 3367 tatem
318 3302 506 3369 firmandam
533 3310 667 3389 possunt
693 3304 827 3372 adscisci
855 3304 935 3371 Plut.
963 3325 1025 3370 uss.
1050 3305 1112 3376 329
1136 3323 1214 3388 sqq„
1243 3321 1320 3385 quos

174 3423 292 3489 supra
318 3407 551 3492 exscripsimus.
595 3407 700 3473 Etiam
723 3408 813 3474 huius
836 3409 960 3491 generis
984 3408 1217 3473 enuntiatorum
1244 3423 1320 3470 con·

196 3506 398 3573 dicionalium
422 3510 564 3575 membra
586 3509 631 3574 ita
653 3509 807 3596 disposita
828 3516 909 3592 sunt,
932 3509 1123 3595 utprotasis
1150 3507 1322 3593 praecedat

196 3608 294 3674 multo
319 3612 453 3696 ‘saepius
490 3612 636 3698 apodosi3
671 3631 733 3678 uno
771 3619 802 3678 et
838 3613 967 3695 triginta
1002 3611 1080 3677 locis
1114 3609 1173 3675 hoc
1210 3609 1320 3676 ordino

113 3723 117 3730 '
195 3711 360 3795 habentur,
388 3714 526 3781 sedecim
553 3715 630 3781 locis
658 3714 811 3801 apodosis¹
835 3715 972 3800 priorem
1001 3711 1109 3780 sedem
1144 3713 1319 3798 occupavit.

195 3814 315 3880 Harum
343 3819 568 3884 sententiarum
596 3817 629 3882 in
656 3817 789 3903 apodosi
816 3817 910 3899 longe
944 3815 1106 3902 praevalet
1132 3815 1320 3882 indicativus

196 3918 262 3984 sive
278 3918 372 3984 futuri
395 3919 547 4005 simplicis
564 3920 629 3986 sive
643 3919 739 3986 futuri
754 3919 883 4004 passivi,
907 3921 1022 4005 quippe
1043 3938 1114 3984 cum
1136 3919 1182 3984 rei
1197 3919 1329 3983 futurae·

197 4028 326 4086 eventus
359 4021 486 4106 etipse
514 4022 634 4088 futurus
668 4023 718 4088 sit.
762 4021 917 4087 Futurum
944 4023 1070 4088 tertium
1104 4041 1144 4087 ex
1166 4019 1263 4086 Suida
1290 4028 1321 4086 et

196 4142 217 4188 a
238 4123 408 4190 scholiasta
429 4125 590 4209 reponitur
603 4121 684 4190 Nub.
710 4144 754 4191 rs.
779 4127 871 4190 1277.
916 4124 999 4192 Raro
1015 4123 1163 4210 apodosis
1177 4129 1321 4208 temporo

195 4227 355 4311 praesenti
376 4226 535 4313 profectur
550 4227 642 4311 (Equ.
666 4245 711 4294 vs.
730 4229 814 4291 1359
836 4248 882 4311 sq.
905 4227 991 4294 Eccl.
1014 4231 1076 4293 471
1097 4226 1143 4302 Pl.
1167 4247 1212 4293 vs.
1229 4227 1322 4310 922);
