3082 4664
672 229 880 317 „304

216 449 247 506 et
267 442 386 506 liberae
410 440 525 508 dicant.
559 439 669 525 Neque
686 435 809 524 iniuria,
825 436 850 522 si
867 424 1021 507 sermonis
1038 465 1125 509 usrrm
1142 446 1336 530 respicimus,

216 547 262 611 sic
291 552 438 610 statuunt.
484 544 613 611 Duobus
640 545 719 610 locis
754 545 915 610 enuntiato
949 545 1035 612 finali
1071 547 1231 612 subiectae
1265 551 1339 614 sunt
1400 547 1403 554 '

210 643 418 715 'condiciones
442 648 571 734 (R.108
591 647 663 734 Lys.
682 647 768 732 753).
814 647 947 733 Saepius
971 669 1011 712 ex
1034 651 1175 715 oratione
1198 657 1338 736 tempore

215 752 362 818 historico
384 752 508 838 prolata
534 750 766 818 conditionalia
792 752 954 817 enuntiata
981 751 1129 838 pendent,
1153 754 1238 820 velut
1260 753 1338 838 Equ.

215 877 259 923 vs.
279 857 350 922 660.
366 855 452 923 Eccl.
470 857 540 921 193.
575 854 675 932 Quam
690 855 865 941 particulae
888 857 912 919 εἰ
934 876 959 920 c.
977 858 1117 942 optativo
1141 865 1339 925 constructae

193 981 343 1028 causam
380 963 412 1026 in
450 960 499 1026 his
541 961 709 1026 enuntiatis
751 967 936 1046 posuerunt,
972 962 1109 1027 maxime
1143 969 1271 1048 propter
1304 965 1338 1024 ἄν

215 1068 248 1131 in
281 1065 413 1152 apodosi
448 1064 661 1130 desideratum
694 1071 858 1150 acceptam
893 1085 963 1130 esse
1002 1065 1157 1133 existimo.
1202 1067 1279 1133 'Sed
1311 1069 1338 1132 si

215 1170 348 1255 optativi
369 1170 432 1234 vim
456 1175 487 1234 et
510 1175 653 1234 naturam
679 1172 764 1234 recte
795 1165 1037 1250 designavimus,
1067 1169 1157 1234 nobis
1184 1190 1247 1235 uon
1275 1172 1338 1236 iarn

214 1293 294 1359 opus
322 1279 372 1340 est
397 1273 454 1337 illa
479 1270 643 1359 modorum
669 1273 911 1357 permutatione.
958 1270 1036 1336 Onm
1069 1291 1134 1336 rem
1170 1281 1275 1338 mente
1309 1281 1341 1339 et

218 1377 406 1460 cogitatione
429 1377 579 1458 agitatam
603 1395 673 1441 esse
694 1375 728 1439 in
750 1383 892 1460 tempore
914 1376 1084 1460 praeterito
1107 1383 1213 1440 narret
1235 1376 1262 1441 is
1286 1378 1338 1460 qui

194 1480 360 1572 loquitur,
384 1479 637 1565 optativumsua
659 1485 691 1545 et
712 1480 840 1564 propria
862 1479 891 1544 vi
914 1477 1051 1544 adhibet.

674 1664 879 1683 ΝΛΛΛἉΦΦΛΛΛΙ

216 1815 276 1896 lll.
316 1815 513 1894 linuntiuta
545 1814 817 1907 condicionalis,
846 1795 938 1913 qnae
966 1833 1015 1894 eac
1043 1815 1227 1913 particula
1260 1839 1339 1896 cnm
1371 1869 1373 1874 -

464 1936 692 2016 coniunctivo
720 1934 845 2018 iuncta
871 1937 1086 2060 formantur.

304 2097 525 2173 Coniunctivus
542 2116 591 2172 est
605 2104 715 2172 modus
729 2105 897 2172 voluntatis
911 2117 985 2191 quo,¹
994 2109 1019 2175 si
1033 2107 1107 2192 quid
1118 2110 1184 2174 lieri
1197 2111 1340 2175 iubemus

218 2224 272 2277 aut
294 2222 437 2296 optamus
466 2211 590 2291 saltem,
613 2211 755 2292 utimur..
782 2206 973 2275 Particulam
997 2213 1021 2274 ei
1044 2195 1113 2277 cum
1142 2213 1340 2280 coniunctivo

218 2322 427 2382 constructam
452 2309 792 2380 eandemconinnotivi
815 2315 974 2381 notionem
990 2317 1125 2383 retinere
1141 2337 1180 2381 ex
1196 2318 1244 2399 iis,
1260 2339 1341 2401 quae

138 2431 142 2440 '
217 2428 397 2503 sequuntur,
428 2418 601 2503 apparebit.
646 2415 723 2483 lnde
750 2417 790 2484 ab
818 2417 946 2484 Homeri
972 2414 1164 2505 temporibus
1186 2422 1342 2506 particula

206 2526 241 2610 Ιεἰ
262 2542 325 2588 nou
349 2542 436 2587 mera
459 2541 529 2586 cum
553 2521 750 2586 coniunctivo
772 2522 924 2605 iungitur,
943 2521 1000 2588 sed
1023 2525 1193 2589 maximam
1217 2533 1338 2609 partem

218 2649 288 2692 oum
311 2627 466 2714 particula
488 2631 521 2689 ἄν
545 2627 743 2693 consociata.
772 2628 874 2711 Atque
890 2635 955 2694 tarn
973 2629 1064 2695 lirina
1078 2629 1158 2695 haec
1181 2631 1340 2712 utriusque

217 2733 357 2798 vocabuli
381 2740 536 2798 structura
546 2719 635 2796 ¹facta
650 2737 707 2811 est,
723 2738 757 2794 ut
780 2752 820 2796 ex
842 2733 865 2794 εἰ
887 2739 919 2796 et
941 2735 974 2796 ἄν
998 2739 1229 2816 coagmentata,
1260 2718 1345 2798 nova¹

217 2837 367 2902 evaderet
390 2838 544 2904 sermonis
562 2834 676 2901 Graeci
699 2855 759 2900 vox
782 2836 841 2898 ἐάν.
887 2835 950 2904 Sed
974 2837 1044 2904 cum
1068 2837 1152 2923 apud
1169 2837 1338 2904 Homerum

216 2943 318 3009 forma
339 2945 388 3006 ἐάν
411 2963 576 3027 nusquam,
601 2961 726 3026 semper
748 2949 802 3006 aut
825 2943 925 3009 forma
948 2953 1109 3009 contracta
1130 2945 1166 3028 ἠν
1183 2952 1237 3009 ant
1257 2946 1281 3006 εἰ
1295 2949 1338 3020 ἄν,

144 3085 146 3094 .
216 3051 241 3112 εἴ
268 3073 300 3112 κε
330 3048 417 3132 (αἴκε)
445 3049 568 3130 legatur
602 3045 687 3131 apud
720 3047 889 3132 scriptores
917 3051 1030 3114 atticos
1058 3049 1107 3111 ἐάν
1136 3058 1167 3112 et
1192 3051 1228 3134 ἤν
1256 3051 1340 3116 nullo

217 3141 399 3220 discrimine
416 3137 578 3240 habentur,
596 3151 707 3235 quibus
731 3159 842 3236 quarto
866 3174 893 3218 a.
919 3154 953 3241 Q.
978 3176 1006 3218 n.
1032 3154 1157 3220 saeculo
1180 3155 1281 3220 forma
1305 3159 1339 3218 ἄν

216 3262 358 3327 accessit.
383 3259 450 3324 Etsi
464 3279 632 3343 quamnam
646 3257 777 3323 formam
791 3245 959 3345 scriptores
969 3243 1058 3326 attici
1066 3269 1119 3324 ant
1125 3259 1343 3325 adamaverint
1374 3261 1384 3268 ”

95 3447 101 3458 .
219 3372 272 3429 ant
294 3364 471 3449 respuerint
486 3362 621 3428 editores
637 3369 668 3426 et
683 3364 880 3444 grammatici
896 3361 1049 3429 adnotare
1065 3363 1211 3428 omittunt
1227 3374 1258 3429 et
1274 3385 1340 3429 rem

215 3467 293 3533 levis
320 3467 471 3533 momenti
499 3485 569 3532 esse
595 3465 689 3530 facile
717 3465 867 3549 concedo,
894 3473 1001 3532 tamen
1029 3487 1069 3532 ne
1102 3466 1181 3532 tales
1216 3467 1340 3550 quidem

217 3571 366 3636 minutias
382 3569 544 3652 indagare,
560 3570 586 3636 is
602 3570 655 3652 qui
670 3567 711 3634 de
727 3571 872 3636 universa
887 3571 1041 3636 sermonis
1057 3569 1164 3635 indole
1180 3572 1342 3656 scriptoris

218 3675 381 3740 cniusdam
408 3673 548 3756 inquirit,
575 3673 813 3759 praetermittet.
862 3670 897 3738 ln
927 3673 1146 3759 Aristophanis
1181 3673 1341 3740 codicibus

216 3786 340 3864 praeter
369 3778 418 3841 ἐάν
447 3778 536 3862 et'qv
562 3777 763 3862 paucissimis
790 3774 869 3842 locis
898 3780 931 3841 ἄν
958 3776 1059 3842 forma
1087 3767 1341 3858 babetur,'velut

124 3877 131 3942 s
216 3885 273 3948 Av.
298 3904 341 3949 vs.
367 3885 408 3946 53
432 3881 506 3968 Lys.
530 3903 575 3949 vs.
600 3882 673 3946 901.
697 3879 917 3947 902.'Thesm.
943 3903 987 3948 vs.
1014 3883 1085 3963 154,
1110 3901 1201 3964 quam
1227 3879 1341 3945 adsen-

169 4020 174 4029 ·
216 3988 356 4053 tentibus
379 3987 522 4052 omnibns
546 3986 719 4052 editoribus
735 3984 914 4051 Dindoriius
931 3985 1122 4069 exstirpavit.
1157 3981 1341 4049 Emendatis
1383 3973 1385 3978 ’
1447 3969 1450 3974 ’

218 4091 267 4157 his
289 4091 368 4157 locis
390 4088 474 4175 apud
490 4089 732 4176 Aristophanem
757 4088 894 4184 ducenta
916 4087 1131 4169 duodeviginti
1148 4086 1294 4171 exempla
1309 4087 1342 4152 in

218 4194 328 4279 quibus
352 4192 506 4280 particula
528 4194 564 4278 ἤν
587 4201 754 4279 usurpatur
777 4197 912 4274 exstant,
929 4190 1180 4272 undesexaginta
1195 4191 1342 4276 exempla
