3082 4664
676 295 886 360 ..12-

168 469 172 477 ’
220 479 319 546 semel
340 481 372 547 in
395 480 456 548 hoo
471 502 587 566 genere
609 483 759 550 aoristum
774 483 918 551 adhibuit
938 485 972 550 in
987 481 1034 550 Pl.
1058 503 1102 549 vs.
1119 484 1193 562 555.
1229 480 1342 548 Gram-

220 584 328 649 matiei
362 583 422 650 hue
456 604 578 670 qnoque
610 585 749 652 referunt
786 584 949 655 enuntiata
982 606 1112 671 quornm
1145 586 1179 651 in
1211 585 1342 672 apodosi

219 685 408 754 adieetivnm
442 689 580 774 positum
606 695 664 772 est,
698 708 770 756 oum
802 688 1012 776 supplendum
1047 709 1118 758 esse
1151 687 1344 757 contendant

219 791 303 853 ἐστίν.
359 789 423 858 Sed
456 791 599 876 quamvls
632 790 711 859 haee
744 793 863 878 ellipsis
896 793 1013 860 usitata
1046 792 1202 876 videatur,
1235 799 1343 860 tamen

221 895 322 962 verius
338 903 388 964 est
400 893 590 962 adieetivnm
605 893 820 980 praedieative
834 894 978 962 adhiberi
992 902 1141 979 statuere,
1156 897 1341 981 praesertim

220 1018 291 1064 oum
314 998 449 1082 neseias,
464 996 673 1084 suppleatur
661 1018 694 1062 nn
709 993 757 1064 his
781 999 950 1066 enuntiatis
968 998 1016 1064 lut
1002 1005 1107 1064 turum
1122 1011 1164 1066 an
1178 1017 1339 1084 praesens.

218 1100 380 1202 Frequens
401 1119 476 1166 usus
498 1108 548 1166 est
569 1099 717 1166 adieetivi
739 1101 826 1165 δεινόν

261 1203 340 1288 Equ.
355 1223 400 1270 vs.
417 1203 489 1268 609.
512 1203 681 1290 dstvdq',
664 1229 688 1268 οι
704 1204 851 1284 Πόσειδον,
874 1207 898 1270 εἰ
919 1206 987 1291 μηδ’
1010 1205 1040 1268 ἐν
1062 1204 1144 1292 βυθῷ
1164 1206 1319 1291 δυνήσομαι

262 1314 335 1395 μήτε
349 1315 389 1394 γῆ
403 1306 470 1394 μήτ’
487 1309 517 1374 ἐν
531 1310 668 1395 θαλάττῃ
682 1311 823 1399 διαφυγεῖν
837 1334 923 1383 tou<
921 1312 1036 1382 ἱ-ιιιὲας.
1081 1308 1138 1376 sed
1160 1311 1256 1377 etiam
1278 1311 1343 1379 elia

217 1414 374 1482 adiootiva
395 1414 550 1497 leguntur,
573 1414 659 1482 velut
675 1405 776 1490 δ’ξιον
767 1437 800 1481 ιιι
815 1418 873 1482 Αι.
891 1436 935 1484 vs.
951 1416 1024 1482 548.
1041 1415 1141 1501 ζῆν
1114 1438 1165 1479 ουκ
1180 1405 1258 1490 ἄξιον
1273 1419 1341 1503 ἡμῖν

320 1523 344 1584 εἰ
365 1520 406 1605 μὴ
428 1521 605 1605 κομιούμεθα
625 1522 707 1586 παντὶ
728 1525 822 1610 τρόπῳ
844 1521 897 1606 τὴν
919 1510 1060 1611 ἡμετέραν
1083 1521 1236 1607 βασιλείαν.

217 1628 339 1713 μεγάλα.
426 1624 513 1692 Eool.
546 1645 592 1693 vs.
620 1627 693 1692 568.
726 1627 762 1711 νὴ
795 1627 843 1690 τὸν
876 1625 1015 1703 Ποσειδῶ,
1050 1629 1163 1713 μεγάλα
1189 1627 1226 1714 γ’,
1250 1629 1338 1713 εἰμὴ

218 1735 358 1821 ψεύσεται,
387 1751 480 1817 quem
508 1751 632 1798 versum
660 1732 803 1817 apprime
817 1731 1014 1818 'Droysenns
1038 1734 1145 1799 vertit:
1180 1733 1222 1800 So
1249 1733 1338 1801 wahr
1459 1781 1462 1790 2

216 1835 384 1918 Poseidon,
411 1855 521 1920 grosse
547 1834 660 1920 Dinge,
682 1836 756 1922 ldgt
780 1836 826 1903 sie
854 1834 950 1902 nieht.
994 1834 1173 1904 Brunokins
1200 1844 1232 1904 et
1260 1837 1339 1905 Din-

197 1940 334 2008 .dorfins
361 1943 546 2007 erraverunt
570 1937 752 2006 reddentes.
783 1937 899 2022 Magna
925 1938 1100 2024 polliootnr,
1128 1941 1190 2007 nisi
1212 1940 1339 2027 quidem

216 2045 305 2110 lallet
291 2050 399 2111 t.nos
445 2042 592 2110 Ceterum
620 2061 747 2130 semper
771 2043 904 2128 protasis
931 2041 1134 2130 epodosim
1124 2065 1157 2110 1n
1185 2045 1339 2180 exemplis

216 2146 456 2233 Aristophaneis
477 2145 626 2230 sequitur.

302 2249 419 2328 Quas'
410 2270 443 2315 ιιι
464 2249 569 2334 ριίοιο
591 2248 694 2366 eapite
708 2246 911 2314 traotavimus
933 2246 1081 2334 apodosis
1103 2248 1220 2316 formas
1243 2251 1338 2317 etiam

216 2355 249 2419 in
271 2352 331 2420 hoe
353 2372 469 2436 genere
494 2352 696 2432 inveniuntur
722 2369 925 2436 quamquam.
939 2351 1082 2436 optativi,
1116 2353 1169 2437 qni
1202 2359 1252 2420 est
1283 2373 1340 2439 op-

216 2457 324 2540 tantis,
347 2455 528 2542 exemplum
550 2474 615 2521 non
636 2461 750 2522 exstat.
796 2452 932 2520 Omnino
959 2452 1130 2521 admodum
1153 2475 1244 2524 rarae
1266 2463 1341 2524 sunt

217 2567 343 2647 praeter
374 2559 470 2626 lutnri
501 2555 707 2624 indicativum
743 2555 892 2642 apodoris
926 2553 1057 2636 formae,
1093 2566 1128 2623 nt
1163 2559 1342 2645 imperativi
1437 2553 1439 2561 ⁴

217 2669 304 2729 oerta
325 2660 473 2749 exempla
494 2659 556 2727 dno
578 2658 712 2726 habeas:
736 2657 772 2724 R.
800 2679 846 2726 vs.
870 2659 932 2722 176
955 2671 987 2724 et
1008 2659 1066 2725 Av.
1095 2681 1141 2728 vs.
1169 2663 1241 2744 759,
1269 2680 1341 2728 onm

217 2767 310 2832 Paeis
338 2785 399 2831 vss.
428 2765 469 2831 89
497 2783 564 2848 sqq.
587 2761 764 2829 Meinekius
791 2772 823 2828 et
844 2760 1042 2829 Hamakerus
1065 2771 1100 2832 nt
1126 2764 1341 2852 ineptissimos

125 2943 129 2952 ¹
218 2867 447 2950 damnaverint,
471 2863 664 2950 totidemque
686 2863 817 2952 optativi
840 2885 910 2932 oum
934 2867 969 2928 ἄν
991 2867 1145 2952 particula
1166 2869 1341 2934 ooninneti:

218 2971 298 3058 Nnb.
313 2981 316 2986 ·
332 2989 377 3036 vs.
407 2970 489 3035 1393
523 2976 555 3036 et
581 2966 669 3035 Eool.
695 2987 740 3034 vs.
771 2968 842 3050 160,
870 2989 931 3053 quo
959 2969 1071 3036 eodem
1098 2969 1168 3036 loeo
1196 2977 1341 3054 qnantum

199 3059 312 3139 'lutnri
348 3072 466 3158 passivi
505 3071 538 3137 in
574 3071 693 3156 protasi
730 3069 939 3138 eondieionali
982 3072 1162 3158 exemplum
1197 3071 1350 3138 traditon-
1418 3146 1421 3150 ,

218 3176 394 3243 Partionlae
417 3177 441 3238 εἰ
462 3195 520 3263 ρει
542 3175 721 3242 emolitioam
743 3196 795 3262 περ
817 3181 930 3241 anetae
956 3174 1103 3263 exempla
1124 3173 1202 3242 nihil
1224 3174 1342 3242 habent

219 3301 280 3364 qno
303 3301 322 3346 a
343 3280 472 3365 reliquis
495 3277 656 3362 differant3
679 3278 713 3344 id
728 3299 825 3344 unum
840 3277 1046 3346 adnotatione
1061 3276 1192 3360 dignum
1207 3274 1340 3363 videtur,

218 3385 316 3450 semel
337 3383 542 3450 indioativum
564 3381 742 3480 imperfecti
765 3383 895 3448 servari:

320 3486 356 3553 R.
373 3505 418 3554 vs.
436 3487 486 3551 12.
509 3481 619 3570 εἰδῆτ’
642 3485 696 3548 εδει
719 3507 755 3568 με
776 3492 866 3549 ταῦτα
887 3486 923 3548 τοὶ
946 3486 1034 3569 σκεύη
1058 3487 1160 3572 φέρειν,
1253 3545 1256 3554 ,

510 3592 585 3679 εἴπερ
608 3595 715 3675 ποιήσοι
739 3590 837 3675 μηδὲν,
860 3591 953 3678 ὦνπερ
975 3590 1112 3678 Φρύνιχος

510 3697 597 3760 εἴωθε
618 3704 702 3760 ποιεῖν
724 3696 772 3758 καὶ
795 3696 878 3765 Λύκις
900 3696 1063 3780 κάμειψίος;

218 3801 355 3868 Protesis
378 3821 439 3868 nno
462 3801 531 3868 looo
554 3802 768 3886 praepositiva
789 3807 852 3867 est:

321 3904 395 3972 Pae.
410 3926 454 3972 vs.
470 3906 543 3969 265.
567 3907 642 3992 εἴπερ
666 3907 719 3994 quiq
741 3893 804 3989 ἥξει
825 3905 873 3968 τὸν
895 3901 1078 3990 ἀλετρίβανον
1100 3904 1205 3991 φέρων,

568 4012 658 4097 τούτῳ
681 3999 796 4099 ταράξει
817 4011 870 4080 τὰς
891 4009 986 4078 rulers
1008 4008 1183 4093 καθήμενος.

304 4131 511 4199 lndieativum
526 4132 604 4198 nihil
619 4131 659 4198 de
674 4153 732 4199 sua
752 4132 784 4197 vi
799 4129 932 4217 perdere
948 4137 1020 4215 post
1039 4127 1224 4215 particulam
1246 4125 1270 4188 εἰ
1284 4145 1342 4212 ρο·

203 4239 313 4306 -sitnm
329 4258 369 4304 ex
391 4237 440 4320 iis,
464 4256 542 4322 qnae
560 4235 664 4303 adhue
681 4237 828 4326 exposita
849 4243 931 4318 sunt,
954 4235 1031 4302 satis
1049 4237 1190 4320 apparot
1233 4228 1344 4317 Neque
1370 4259 1375 4272 ·
