3082 4664
679 207 892 269 -24-

225 396 271 461 Pl.
291 419 334 462 vs.
351 397 424 460 510.
448 399 472 458 ei
494 399 547 484 ηοίρ
571 398 585 458 ὁ
602 395 734 465 Πλοῦτος
749 395 862 479 βλέψειε
877 395 960 458 πάλιν
975 396 1134 479 διανείμειέν
1148 413 1165 460 τ
1178 398 1238 460 ίσον
1254 385 1348 472 αὑτὸν,

444 503 507 566 οὔτε
529 504 633 588 τέχνην
656 503 690 564 ἂν
713 507 770 563 τῶν
789 502 949 587 ἀνθρώπων
964 501 1022 565 οὔτ’
1039 505 1073 564 ἂν
1089 505 1189 590 σορίαν
1205 504 1347 589 μελετῴη.

226 605 420 672 Verberandi
441 608 523 674 actio
546 626 610 674 non
632 606 735 672 minus
756 605 929 693 praecedat
944 626 1073 672 necesse
1097 615 1145 672 est
1160 607 1348 692 obloquendi

224 709 350 790 actioni,
367 730 460 793 quarn
476 706 626 776 cernendi
641 708 777 776 facultas
792 708 954 774 hominum
972 709 1122 776 desidiae.
1167 709 1349 795 inutraque

225 813 383 877 sententia
404 813 560 898 particula
581 813 615 874 ἄν
639 812 799 897 repetitur,
822 831 903 895 quae
926 813 1055 898 repetis,
1078 821 1113 878 ut
1135 815 1349 896 negationum,

225 916 256 979 in
279 923 370 1000 parte
392 921 578 999 sententiae,
600 915 634 982 id
657 913 741 1000 quod
756 915 788 980 in
811 915 946 981 alterum
967 916 1148 1000 exemplum
1172 916 1265 998 cadit,
1288 917 1349 984 fre-

226 1018 434 1112 quentissima
461 1026 518 1101 est,
546 1017 603 1086 sed
629 1019 789 1086 rarissime
816 1019 850 1084 in
877 1019 1027 1103 protasim
1056 1018 1192 1085 truditur
1219 1021 1351 1106 repetita

225 1122 390 1208 particula,
413 1141 494 1206 quae
516 1128 565 1188 est
580 1120 741 1208 apodosis.
785 1120 879 1206 Apud
894 1121 1138 1207 Aristophanem
1161 1122 1253 1189 huius
1276 1143 1350 1190 usus

226 1224 409 1311 consopitae
439 1225 612 1310 particulae
644 1227 689 1309 ἄν,
723 1245 816 1309 quern
849 1225 881 1290 in
910 1224 1045 1290 formula
1067 1225 1162 1322 ιξίσπερ
1189 1229 1223 1290 ᾰν
1247 1230 1271 1289 εἰ
1297 1226 1350 1308 (ab

225 1328 437 1415 Aristophane
460 1349 522 1394 non
546 1328 701 1412 adhibita)
718 1328 971 1396 animadvertunt
986 1332 1194 1413 grammatici,
1218 1331 1349 1396 alterum

226 1433 405 1526 exemplum
429 1438 532 1498 exstat
554 1433 586 1497 in
610 1432 682 1518 Lys.
706 1453 750 1498 vs.
776 1434 850 1496 113.

285 1535 340 1621 ἐγὼ
356 1535 408 1620 μὲν
423 1538 456 1599 ἂν
473 1523 674 1619 (καταλύσαιμι
688 1537 736 1599 τὸν
751 1536 889 1620 πολεμον)
904 1539 956 1599 κάν
972 1538 996 1600 εί
1011 1560 1047 1620 με
1062 1523 1144 1626 χρείη
1159 1539 1329 1622 τοθηκοκλον

284 1643 359 1707 τοοτί
380 1643 553 1705 καταθεῖσαν
576 1643 676 1706 ἐκπιεῖν
699 1642 873 1729 αὐθημερόν.

227 1749 373 1815 Ceterum
388 1748 420 1813 in
435 1747 496 1813 hoc
511 1768 626 1829 genere
641 1746 772 1813 totidem
789 1747 1020 1833 praepositivae
1037 1754 1112 1830 quot
1126 1749 1354 1834 postpositirae

226 1851 375 1937 apodosis
397 1850 544 1935 exempla
565 1851 718 1932 leguntur.

180 1955 183 1964 '
311 1954 506 2038 Quamquam
524 1954 556 2018 in
575 1951 719 2019 omnibus
736 1951 1001 2019 condicionalium
1014 1955 1259 2037 enuntiatorum,
1272 1974 1352 2039 quae

227 2059 450 2139 recensuimuS,
467 2057 633 2139 generibus
649 2055 709 2122 hoc
731 2054 848 2121 illudve
871 2056 1050 2142 exemplum
1073 2058 1118 2123 ita
1137 2067 1353 2143 comparatum

229 2169 306 2243 erat,
330 2169 363 2226 ut
378 2161 478 2226 altera
499 2180 635 2246 persona
655 2159 809 2246 protasim
825 2158 925 2225 altera
948 2159 1113 2244 apodosim
1130 2163 1352 2244 pronuntiaret,

229 2274 335 2332 tamen
357 2265 390 2330 in
412 2263 473 2329 hoc
495 2283 611 2344 genere
634 2263 759 2348 saepius
782 2261 908 2344 accidit,
932 2269 965 2327 ut
984 2262 1203 2347 antapodosis
1226 2265 1353 2331 verbum

230 2371 391 2435 omittatur
414 2367 471 2448 (ex
499 2365 627 2430 alterius
654 2386 799 2432 sermone
825 2363 1047 2451 repetendum)
1075 2371 1130 2432 aut
1161 2367 1243 2433 inter
1277 2368 1355 2435 duas

230 2491 382 2560 personas
405 2468 563 2534 dividatur
583 2469 695 2534 oratio.
730 2449 797 2534 'Est
826 2467 905 2534 haec
927 2489 991 2534 non
1017 2468 1168 2539 vilissima
1189 2472 1268 2538 ratio
1296 2493 1358 2557 qua

231 2576 369 2650 comicus
391 2581 517 2659 praeter
539 2573 810 2657 exspectationem
833 2579 864 2637 et
878 2571 1091 2656 tepidissimos
1114 2595 1164 2640 res
1180 2574 1301 2641 inducit
1322 2581 1357 2642 et

231 2680 407 2748 orationem
436 2675 619 2742 uiuidiorem
649 2674 762 2742 reddit.
807 2675 993 2759 Plerumque
1021 2676 1146 2759 iudicio,
1175 2677 1258 2762 quod
1288 2679 1356 2762 quis

231 2783 369 2868 optativo
393 2769 463 2846 curn
487 2782 649 2846 diiuncto
673 2779 801 2864 profert,
824 2779 903 2844 alter
926 2779 1143 2847 condicionem
1166 2779 1272 2866 adicit,
1296 2803 1356 2867 quo

231 2889 275 2968 iit,
298 2893 332 2952 ut
354 2885 452 2952 altero
475 2884 545 2952 loco
569 2884 633 2948 fere
656 2902 781 2967 semper
803 2882 938 2966 protasis
962 2882 1188 2950 condicionalis
1211 2890 1357 2970 ponatur,

233 2991 326 3056 velut.
340 2987 385 3054 Pl.
410 3009 454 3054 vs.
479 2989 572 3053 1036.
600 2985 659 3052 An.
676 2988 721 3049 διαί
753 2987 884 3049 ακτολίοο
900 2985 950 3069 μέν
970 2987 1018 3051 οὖν
1037 2988 1088 3069 ε’μέ
1103 2985 1128 3070 η’
1141 2991 1175 3051 ἂν
1190 2988 1355 3061 διελκύσαις.

593 3091 662 3164 Chr.
686 3095 710 3155 εί
732 3097 862 3178 τοηχοίνοι
884 3088 938 3175 ηἰί
961 3093 1108 3162 δακτύλιος
1131 3092 1171 3154 ὢν
1194 3095 1289 3177 τηλία.

233 3197 393 3266 Particula
415 3220 446 3280 ηε
474 3197 660 3262 affirmative
694 3196 766 3262 huic
794 3197 935 3263 membro
969 3196 1078 3263 addita
1105 3206 1162 3280 est,
1196 3199 1284 3266 cuius
1310 3201 1357 3266 vis

234 3313 340 3372 nostro
357 3321 502 3370 sermone
517 3300 700 3386 praeposita
715 3319 790 3364 voce
816 3301 885 3384 ,ja“
910 3302 1105 3385 exprimitur.
1143 3300 1358 3386 Apodosis-ex

234 3409 362 3482 alterius
385 3424 530 3472 sermone
553 3400 720 3468 formanda
743 3408 806 3470 est:

234 3510 315 3579 Nub.
338 3531 384 3578 vs.
409 3511 480 3574 749.
503 3514 620 3592 ηυναῖκα
643 3505 796 3596 φαρμακίδ’
810 3509 834 3570 εί
856 3513 1006 3596 πριάμενος
1029 3507 1177 3592 Θετταλὴν

503 3605 654 3698 καθέλοιμι
675 3613 786 3700 νύκτωρ
807 3613 859 3698 τὴν
882 3615 1017 3697 σελήνην,
1042 3613 1101 3675 εἶτα
1123 3613 1154 3678 δέ

505 3720 593 3810 αὐτὴν
617 3708 796 3807 καθείρξαιμ’
822 3720 852 3789 ἐς
874 3720 990 3806 λοφεῖον
1013 3721 1191 3805 στροημίλον,

506 3827 600 3915 ὥσπερ
622 3817 788 3914 κάτοπτρον,
812 3827 886 3888 κᾶτα
907 3825 1023 3912 τηροίην
1047 3825 1132 3912 ἔχων,

391 3932 477 3998 Soor.
501 3936 526 3996 τί
548 3935 621 4018 δῆτα
643 3929 718 3996 τοῦτ’
743 3934 776 3994 ἂν
801 3931 978 4018 ὠφελήσειέν
1001 3928 1039 4011 σ’;
1063 3932 1123 3999 Str.
1147 3935 1199 4019 trs,

507 4042 531 4101 εἰ
553 4035 653 4124 μηκέτ’
678 4037 830 4102 ἀνατέλλοι
852 4037 962 4122 σεληνη
988 4039 1131 4122 μηδαμοῦ,

507 4145 557 4207 οὐκ
579 4148 614 4208 ἂν
639 4146 772 4228 ἀποδοίην
795 4138 860 4214 τούξ
882 4147 990 4214 τόκους.
