3082 4664
672 213 886 276 „28-

217 402 382 488 Optativus
406 405 543 496 protasis
568 404 794 472 condicionalis
817 407 851 472 in
874 405 922 473 bis
946 407 1115 473 enuntiatis
1131 404 1209 470 nibil
1233 404 1346 470 desua

215 507 353 590 notione,
380 527 442 592 qua
467 507 604 591 aliquam
631 528 698 574 rem
725 509 842 577 factam
870 529 940 576 esse
962 509 1098 595 ponitur,
1126 508 1252 589 abiecit,
1280 507 1339 574 ite-

215 611 344 676 rationis
377 611 439 676 viru
467 631 507 676 ex
534 610 602 677 sola
629 610 778 697 apodosis
810 613 911 678 forma
937 605 1165 690 concludimus,
1193 631 1264 676 cum
1292 618 1346 676 aut

215 734 318 779 rerum
345 718 459 781 natura
481 720 536 780 eut
557 714 735 800 imperfecti
758 714 988 800 significatione
1011 713 1159 801 epodosis
1186 715 1344 781 actionem

215 819 381 902 repetitam
408 836 478 884 esse
505 824 668 902 appareat.
717 817 850 886 Nativus
878 818 1092 886 membrorum
1121 817 1198 884 ordo
1220 838 1345 903 semper

215 925 357 987 servatur
380 919 521 1005 exceptis
542 917 621 1003 Equ.
638 941 682 986 vs.
707 922 769 986 606
785 943 841 1006 οη,
865 922 918 1006 qui
933 919 1031 987 iidem
1046 926 1178 1007 propter
1193 941 1343 1007 praesens

213 1032 338 1109 tempus
360 1024 394 1088 in
415 1023 534 1108 protasi
558 1007 745 1091 collocatum
768 1027 908 1107 insignes
931 1030 1012 1090 sunt

214 1127 292 1212 Equ.
315 1147 360 1193 vs.
384 1126 456 1190 606.
479 1127 581 1211 ἤσθιον
602 1127 634 1191 δὲ
657 1128 722 1200 τοὺς
743 1130 899 1218 παηοὸροος
922 1130 983 1192 ἀντὶ
1004 1129 1089 1200 ποίας
1111 1127 1256 1212 Μηδικῆς,

481 1233 505 1294 εἴ
528 1254 569 1303 τις
591 1223 702 1321 ἐξέρποι
725 1235 848 1324 θύραζε,
872 1237 928 1298 κάκ
952 1234 1042 1317 βυθοῦ
1065 1235 1238 1320 θηρώμενοι.

213 1337 307 1424 Apud
333 1336 578 1423 Aristophanem
611 1339 712 1404 solum
739 1341 798 1406 Av.
831 1360 875 1405 vs.
905 1339 968 1402 508
997 1339 1130 1405 alterum
1163 1339 1343 1425 exemplum

92 1469 94 1472 ·
212 1441 388 1528 praesentis
425 1441 458 1506 in
494 1440 605 1506 talium
639 1444 870 1509 enuntiatorum
908 1444 1027 1527 protasi
1064 1442 1206 1508 habetur.
1263 1441 1343 1508 (lum

212 1546 396 1632 imperfecto
418 1545 452 1608 in
478 1544 611 1630 apodosi
636 1567 698 1612 uno
726 1547 796 1613 loco
824 1544 1166 1633 plusquamperfectum
1193 1546 1342 1611 coniunc-

213 1656 279 1714 tum
308 1653 366 1728 ost,
394 1645 472 1712 Acb.
502 1667 546 1713 vs.
577 1650 641 1714 520
670 1669 715 1733 sq.
766 1649 921 1727 Quoniam
949 1647 1038 1732 apud
1061 1649 1284 1731 grammaticos
1311 1655 1344 1714 et

132 1815 134 1820 .
208 1750 431 1844 Aristophanis
459 1756 786 1819 commentatores-
814 1759 848 1818 ut
875 1751 915 1818 dc
941 1750 1088 1816 Richtero
1118 1756 1152 1818 et
1173 1750 1342 1837 Blaydesio

212 1864 346 1936 taceam,
369 1854 437 1939 ipse
458 1851 531 1918 Alb.
547 1853 717 1921 Muellerus
738 1856 771 1919 in
795 1854 1021 1921 commentario
1044 1852 1086 1919 ad
1108 1853 1186 1920 Ach.
1210 1875 1255 1920 vs.
1279 1856 1342 1919 520

213 1965 297 2024 errat
322 1994 363 2012 .-
391 1954 560 2023 adnotatur
586 1959 712 2043 saepius
739 1958 926 2048 particulam
953 1960 988 2020 ἄν
1011 1955 1142 2043 apodosi
1169 1956 1255 2040 addi,
1278 1977 1342 2024 non

214 2063 253 2129 ab
276 2061 370 2127 buius
392 2060 536 2145 opusculi
558 2063 688 2128 oonsilio
711 2061 865 2129 absonum
880 2062 1007 2130 videtur
1021 2061 1148 2143 referre,
1171 2067 1241 2128 octo
1263 2061 1342 2128 locis

212 2165 399 2252 particulam
422 2167 456 2227 ἄν
479 2165 638 2248 omissam,
670 2185 727 2232 sex
751 2164 830 2232 locis
853 2166 986 2250 epodosi
1014 2163 1156 2230 additam
1184 2183 1263 2230 esse.
1309 2165 1340 2230 Si

212 2268 368 2356 particula
390 2271 424 2331 ἄν
452 2269 551 2353 verbo
568 2266 679 2334 addita
704 2275 762 2349 est,
784 2267 1003 2352 imperfectum
1033 2273 1065 2332 et
1091 2267 1226 2334 aoristus
1254 2268 1340 2335 nullo

213 2372 392 2440 discrimine
414 2373 623 2438 inveniuntur.
657 2369 770 2436 Diffsrt
792 2371 842 2436 hic
858 2370 985 2436 dicendi
1001 2389 1075 2436 usus
1098 2370 1139 2435 ab
1161 2369 1259 2436 altero
1281 2370 1341 2438 hoc

211 2484 344 2558 tanturn,
372 2474 456 2560 quod
483 2477 547 2568 non
574 2493 700 2559 semper
728 2479 761 2540 et
786 2474 964 2540 necessario
991 2493 1059 2538 rem
1082 2471 1214 2559 apodosi
1242 2475 1341 2556 signi-

211 2580 338 2646 ficatam
363 2579 499 2665 protasis
530 2576 716 2644 condicione
737 2577 871 2663 impleta
897 2578 1041 2644 evenisse
1067 2577 1186 2660 dicunt,
1213 2577 1270 2643 sed
1300 2598 1340 2643 ex

212 2684 282 2750 aliis
311 2681 547 2749 condicionibus
575 2679 747 2746 indefinitis
779 2687 925 2746 eventum
958 2679 1158 2766 pependisse.
1208 2679 1271 2746 Sed
1297 2701 1339 2746 no

212 2786 293 2852 hane
309 2785 518 2853 differentiam
531 2785 662 2851 nimiam
678 2782 844 2850 credamus
860 2803 900 2849 ex
922 2783 1047 2850 vetulae
1069 2782 1339 2850 adolescentulum

212 2899 385 2956 amatorem
413 2888 618 2955 describentis
652 2887 793 2954 oratione
821 2885 981 2969 docemur,
1016 2906 1096 2970 quae
1124 2885 1218 2953 modo
1250 2886 1340 2953 addit

211 2994 408 3081 particulam,
431 2991 525 3058 modo
549 2991 677 3057 omittit:
761 2975 768 2986 ’
883 2987 885 2991 ”

202 3177 206 3186 Ι
314 3097 394 3163 Plut.
417 3117 462 3164 vs.
486 3096 559 3159 977.
684 3097 708 3157 εἰ
730 3101 783 3182 γάρ
805 3117 854 3162 τοο
877 3095 1012 3178 δεηθείην
1035 3093 1101 3176 ἐγώ,

461 3198 560 3265 ἅπαντ’
584 3201 815 3286 ἐποίεικοαρίιος
837 3225 883 3284 μοι
905 3201 952 3264 καὶ
974 3199 1081 3270 καλῶς.

461 3327 504 3373 vs.
530 3308 623 3372 roro.
647 3307 693 3370 και
715 3309 751 3392 νη
775 3305 816 3371 nu
839 3308 864 3394 α
886 3289 1066 3390 ποιουμένην
1089 3305 1215 3367 crocus
1237 3327 1283 3387 με,

570 3405 717 3499 νηττάριον
740 3415 775 3476 ἄν
798 3414 846 3476 καὶ
868 3412 969 3501 φάβιον
994 3410 1183 3498 ὑπεκορίζετο.

212 3523 311 3590 Huius
333 3517 460 3606 generis
478 3526 614 3609 protasis
635 3527 808 3612 optativum
830 3527 1007 3612 praesentis
1036 3545 1100 3592 nou
1122 3524 1250 3592 exhibet
1278 3524 1339 3590 nisi

191 3627 269 3712 ‚Eo
293 3649 336 3695 vs.
363 3627 454 3692 1350.
500 3625 582 3693 Num
605 3628 665 3696 huc
687 3628 845 3696 referendi
867 3630 930 3696 sint

212 3731 284 3818 Lys.
309 3753 354 3798 vs.
380 3730 473 3795 1236.
496 3733 555 3797 νυνὶ
576 3730 602 3797 b’
615 3734 714 3798 ἅπαντ’
727 3735 848 3822 ἤρεσκεν
863 3755 869 3769 ·
884 3733 953 3797 ὡστ’
969 3735 994 3797 εἰ
1017 3735 1068 3816 μέν
1090 3735 1122 3817 ηὲ
1145 3755 1187 3803 τις

325 3837 385 3924 ᾄδοι
397 3839 574 3923 Τελαμῶνος
597 3841 689 3905 1238.
714 3841 890 3924 ἐπηνέααμεν
914 3843 948 3903 ἄν
972 3839 1019 3902 καὶ
1042 3843 1337 3929 προςεπιωριιησαμεν,

213 3943 336 4012 haereo.
381 3943 460 4010 Cum
487 3944 585 4012 scolia
612 3965 675 4013 non
699 3965 771 4012 vere
798 3951 927 4012 cantata
948 3943 1174 4027 significentur,
1202 3944 1339 4011 fortasse

213 4047 392 4135 exemplum
422 4049 553 4134 optativi
573 4049 608 4128 in
633 4069 668 4115 re
690 4070 755 4118 non
782 4048 869 4116 lacta
889 4048 1030 4133 usurpati
1058 4048 1220 4138 habemus,
1251 4048 1339 4114 cuius

212 4153 282 4219 loco
303 4151 479 4238 imperfecti
508 4151 576 4218 sive
596 4154 704 4220 aoristi
733 4152 938 4220 indicativum
962 4152 1038 4237 poni
1066 4151 1166 4217 solere
1193 4149 1337 4219 vidimus.
