3082 4664
495 538 550 619 VI.
593 540 642 621 Do
669 542 809 641 protasi
835 543 1069 641 paratactioa.

309 721 541 815 Sententiarum
575 723 658 788 inter
690 741 725 788 se
752 722 1040 805 coniungendamm
1075 723 1227 788 rationem
1263 725 1343 790 anti·

223 825 374 910 quissima
384 824 537 891 sermonis
546 825 883 905 aetateeamiuisse,ut
894 846 956 893 non
970 813 1142 891 enuntiatio
1155 825 1345 893 secundaria

223 928 390 1014 primariae
417 928 658 1010 subiungeretur
683 927 740 994 sed
767 927 849 994 duae
875 929 1044 1014 primariae
1071 929 1344 1010 coniungerentur,

222 1032 305 1097 inter
326 1050 436 1096 omnes
459 1036 592 1096 constat.
636 1029 744 1115 Itaque
772 1032 865 1096 etiam
893 1032 1118 1096 sententiarum
1142 1032 1344 1098 condiciona-

221 1124 483 1220 impropriam
510 1133 573 1198 vim
599 1152 637 1199 ac
663 1129 807 1200 naturam
834 1155 873 1200 ex
905 1133 1076 1201 enuntiatis
1109 1136 1256 1221 optativis
1288 1155 1345 1222 per

222 1259 257 1305 se
278 1236 520 1304 subsistentibus
541 1234 714 1320 profectam
741 1256 812 1303 esse
834 1237 923 1304 nobis
948 1257 1131 1322 persuasum
1155 1245 1212 1320 est,
1242 1259 1345 1324 neque

222 1338 307 1428 apud
324 1337 564 1425 Aristophanem
579 1358 707 1423 prorsus
722 1339 835 1406 veteris
852 1345 952 1407 status
968 1328 1151 1406 memoriam
1168 1343 1343 1424 evanuisse,

144 1507 149 1516 .
222 1464 319 1531 supra
335 1441 487 1526 vidimus.
530 1440 593 1506 Sed
615 1446 739 1528 praeter
765 1440 824 1507 hoo
846 1444 1059 1528 paratactioae
1085 1445 1220 1531 protasis
1242 1466 1343 1528 genus

222 1547 307 1633 apud
333 1546 502 1630 scriptores
524 1543 609 1609 aliud
636 1545 801 1626 invenitur,
824 1565 884 1629 qno
913 1547 1121 1630 enuntiatum,
1144 1547 1226 1632 quod
1253 1547 1344 1614 alteri

222 1671 278 1736 pro
307 1647 491 1716 condicione
524 1667 593 1714 esse
621 1647 777 1713 sententia
809 1649 933 1728 evincit,
962 1649 1048 1714 nullo
1075 1650 1204 1735 optativi
1233 1672 1343 1730 sensus

222 1753 403 1820 adiumento
418 1751 535 1817 nudum
549 1745 761 1837 ¹praemittitur
772 1752 821 1816 vel
836 1751 960 1818 mediae
976 1753 1108 1818 orationi
1126 1755 1341 1839 interponitur.

223 1856 263 1923 Ut
284 1855 376 1921 huius
399 1853 639 1920 constructionis
659 1854 811 1936 originem
834 1853 1041 1936 declaremus,
1056 1876 1120 1922 non
1143 1877 1183 1922 ex
1198 1879 1343 1924 sermono

223 1960 341 2043 vulgari
364 1963 469 2025 aetate
491 1955 722 2042 posthomerica
749 1977 819 2023 eam
842 1965 942 2024 ortam
970 1979 1049 2040 esse,
1072 1968 1106 2024 ut
1133 1959 1208 2027 olim
1232 1960 1267 2027 O.
1290 1959 1341 2027 Fr.

222 2064 421 2130 Hermannus
437 2061 569 2141 consuit,
585 2060 811 2143 existimamus,
827 2067 953 2145 totoque
975 2061 1062 2147 caelo
1079 2069 1146 2128 erat
1161 2062 1343 2132 Kuehnerus

222 2169 255 2233 in
278 2164 502 2248 grammaticae
524 2182 657 2245 graecae
686 2183 715 2249 p.
739 2164 811 2228 784.
856 2156 1012 2250 Exempla
1037 2165 1269 2250 Aristophanae
1299 2168 1344 2234 ita

223 2270 436 2355 disponemus,
453 2272 488 2332 ut
502 2267 638 2352 primum
649 2265 864 2349 indicativum,
881 2263 994 2333 deinde
1010 2268 1192 2353 optativum,
1208 2269 1344 2356 denique

222 2372 440 2458 imperativum
462 2370 596 2455 protasis
618 2369 687 2435 loco
710 2371 828 2455 positos
843 2389 1062 2437 recenseamus
1077 2378 1170 2456 atque
1189 2374 1223 2439 in
1237 2374 1343 2458 singu-

222 2475 262 2541 lis
289 2474 464 2556 generibus,
498 2479 600 2538 utrum
626 2472 863 2554 interrogationi
896 2472 984 2540 locus
1012 2475 1054 2541 sit
1081 2494 1191 2558 necne,
1219 2475 1342 2563 discep-

224 2587 335 2644 temus.
361 2573 468 2646 joam
505 2575 684 2641 etiamnunc
722 2581 803 2658 sunt,
840 2577 894 2661 qui
929 2577 1183 2660 interrogationis
1219 2581 1342 2661 signum

221 2663 340 2772 protasi
362 2679 573 2766 paratacticae
595 2676 724 2760 affigere
749 2686 891 2764 pergant.

308 2781 601 2850 Luculentissimum
624 2782 803 2867 exemplum
823 2780 928 2850 Nubes
951 2783 1154 2870 suppeditant
1173 2783 1296 2852 iniusti
1312 2793 1344 2850 et

221 2889 335 2962 Iniusti¹
352 2885 555 2953 altercatione
577 2905 622 2950 vs.
647 2886 738 2950 1076.

325 2995 461 3088 ἥμαρτες,
483 2990 627 3078 sipontina,
651 2989 818 3076 ἐμοίχευσάς
838 3011 873 3065 τι,
896 2992 957 3054 κᾶτ’
970 2992 1116 3079 ἐλήφθης·

325 3098 481 3186 dupinio:
494 3117 501 3132 ·
515 3096 650 3167 ἀδύνατος
670 3097 723 3183 γὰρ
746 3096 770 3159 εἷ
791 3097 890 3181 λέγειν.

204 3203 333 3322 lNemo,
361 3187 483 3290 opinor,
511 3200 762 3267 condicionalem
790 3202 898 3269 ‘aoristi
927 3217 1015 3268 nsum
1050 3204 1082 3268 in
1110 3202 1157 3266 his
1187 3203 1342 3294 versibus:

223 3309 250 3374 si
277 3307 426 3395 peccasti,
454 3304 578 3384 amasti,
610 3305 742 3389 periisti,
774 3306 922 3389 quoniam
949 3325 1076 3372 oausam
1103 3325 1194 3371 orare
1228 3307 1342 3385 nescio,

223 3431 286 3478 non
308 3410 434 3477 videbit.
480 3407 636 3474 Protasim
659 3427 733 3476 vero
756 3409 976 3491 interrogative
999 3409 1128 3496 proferri
1152 3430 1222 3476 cum
1245 3412 1342 3478 totius

221 3515 284 3582 loci
304 3520 414 3580 tenore
436 3519 502 3579 tum
525 3503 689 3578 verborum
712 3531 807 3578 sensu
823 3518 944 3579 vetatur
965 3533 1003 3578 ao
1020 3534 1058 3579 ne
1080 3514 1200 3600 percipi
1216 3513 1341 3600 quidem

222 3625 328 3684 mente
350 3621 406 3683 aut
428 3615 558 3698 cogitari
580 3621 693 3702 potest.
738 3614 881 3681 Alterum
904 3617 1082 3702 exemplum
1105 3617 1138 3683 in
1154 3617 1342 3686 editionibus

221 3723 405 3808 plerumque
427 3715 639 3786 oblitteratum
660 3717 758 3784 habes
780 3719 812 3783 in
836 3719 949 3785 Avium
1021 3757 1026 3768 ·

323 3845 367 3891 vs.
392 3823 442 3888 76.
465 3819 528 3886 τοτὲ
550 3819 602 3906 μὲν
623 3819 675 3910 ἐρᾷ
697 3829 794 3910 φαγεῖν
816 3824 911 3910 ἀφύας
932 3823 1109 3911 Φαληρικάς,

467 3925 570 4017 τρέχω’
586 3926 615 3991 u’
628 3929 722 4016 ύρύας
744 3926 800 4012 ἐγὼ
822 3911 921 4013 λαβὼν
944 3930 975 3993 τὸ
997 3929 1135 4017 τρύβλιον.

468 4033 563 4106 ἔτνους
583 4030 608 4097 δ’
622 4034 758 4118 ἐπιθυμεῖ,
781 4036 822 4100 δεῖ
843 4037 962 4124 τορύνης
984 4036 1030 4099 καὶ
1052 4038 1167 4124 χύτρας,

465 4143 559 4230 τρέχω
581 4139 619 4205 ’πὶ
640 4143 767 4235 τορύνην.
