3082 4664
704 250 912 312 ..50-

246 444 347 502 ratum
364 459 433 503 esse
449 437 576 502 tradunt
591 437 659 503 ἀλλ’
673 443 716 521 ἄν,
742 438 824 506 unde
848 439 1019 504 Ahrensius
1043 437 1112 503 ἀλλ’
1126 442 1154 502 αἱ
1171 438 1373 504 scribendum

246 563 316 609 esse
337 543 441 626 iussit3
478 542 569 625 vulgo
593 547 622 608 ui
642 543 667 608 δ’
681 548 715 608 ἂν
737 543 860 625 legitur,
884 540 964 626 quod
988 544 1021 608 in
1044 543 1151 610 codice
1172 542 1293 608 Veneto
1316 564 1375 609 ex-

246 646 344 713 hiberi
367 648 582 714 creditorum
605 650 729 717 silentio
754 648 894 727 colligas.
929 647 1117 735 Blaydesius
1144 651 1210 713 αἴκα
1235 650 1375 736 παχυνθῇ

245 752 413 835 legendum
437 755 608 839 proposuit.
643 743 761 820 Neutra
783 754 964 820 coniectura
987 756 1131 821 omnibus
1153 757 1293 821 numeris
1315 756 1375 821 ab·

245 855 346 922 soluta
369 863 425 922 est.
459 855 494 922 In
517 857 662 924 Ahrensii
677 860 834 944 scriptura
855 858 1041 942 particulam
1064 868 1112 940 κο;
1135 860 1194 924 etsi
1217 863 1374 924 sermonis

245 961 342 1027 dorici
363 963 514 1048 simplicis
538 964 725 1030 coniunctivi
741 967 773 1030 in
796 965 967 1030 enuntiatis
990 963 1258 1031 conditionalibus
1280 985 1375 1029 usum

244 1065 420 1132 liberiorem
452 1067 545 1132 luisse
574 1087 635 1132 non
663 1069 855 1150 ignoramus,
889 1087 983 1149 aegre
1013 1066 1239 1133 desideramus.
1275 1066 1374 1154 Blay-

220 1167 352 1235 ‘desius
385 1171 465 1236 iusto
502 1169 631 1236 liberius
664 1171 697 1236 in
730 1170 873 1236 codicum
908 1171 1062 1254 scriptura
1094 1177 1236 1236 versatur
1270 1191 1374 1255 neque

244 1273 419 1338 sententiae
450 1281 559 1338 tenore
592 1274 698 1357 utique
733 1273 882 1359 postulari
920 1273 1104 1358 particulam
1140 1272 1372 1340 adversativam

246 1375 478 1442 animadvertit.

330 1479 531 1546 Gravioribus
558 1480 793 1549 difficultatibus
821 1502 913 1566 quam
937 1480 1184 1547 behemensium
1213 1483 1370 1568 exempla,

244 1582 370 1650 dialecti
392 1584 555 1651 laconicae
577 1587 736 1668 specimen
753 1587 786 1650 in
803 1583 977 1670 Lysistrata
999 1590 1157 1651 serratum
1175 1586 1370 1652 obstructum

244 1693 300 1753 est.
352 1688 399 1754 Ao
426 1687 466 1754 de
494 1691 522 1751 ui
554 1688 678 1774 quidem
712 1711 782 1755 cum
812 1685 980 1754 indicativo
1014 1689 1189 1774 praesentis
1223 1691 1370 1775 copulato

244 1790 331 1856 nulla
364 1790 514 1860 dubitatio
549 1799 610 1859 est:
639 1814 682 1859 vs.
713 1794 804 1857 1105.
835 1793 917 1856 1162
944 1813 990 1876 sq.
1035 1791 1121 1868 Quae
1156 1800 1276 1858 restant
1309 1794 1370 1858 tria

243 1893 437 1979 Lysistratae
453 1897 608 1983 exempla,
633 1916 653 1962 a
673 1896 822 1962 librorum
846 1897 1001 1996 memoria
1024 1901 1079 1962 aut
1105 1895 1193 1961 nulla
1220 1903 1293 1980 sunt
1316 1902 1369 1962 aut

244 2005 390 2082 corrupta
411 2020 449 2065 ac
471 2001 648 2066 criticorum
673 2018 733 2084 ope
755 1999 906 2064 restituta.
951 1997 1001 2064 lta
1022 2000 1054 2063 in

345 2122 390 2167 vs.
416 2103 485 2168 105.
510 2105 524 2167 ὁ
546 2101 571 2166 δ’
584 2103 653 2187 ἐμός
673 2126 719 2187 γα,
742 2100 815 2166 καῖκ’
828 2102 861 2164 ἐκ
882 2112 933 2173 τοῖς
954 2112 1042 2186 ταγᾶς
1064 2103 1138 2186 ἔλσῃ
1160 2104 1243 2186 ποκά,

508 2217 750 2298 πορπακισάμενος
772 2209 894 2297 φροῦδος
916 2211 1095 2292 ἀμπτάμενος
1117 2209 1177 2292 ἔβα.

244 2310 317 2374 καῖκ’
340 2311 494 2380 Ahrensio
518 2321 645 2382 auctore
668 2314 760 2396 vulgo
784 2315 940 2395 scribitur,
964 2333 1036 2378 cum
1059 2314 1185 2380 codices
1208 2316 1260 2376 κᾶν
1276 2334 1365 2398 prae·

245 2417 350 2483 beant.
396 2416 506 2484 Melior
529 2438 604 2484 sane
627 2427 659 2483 et
675 2417 868 2504 probabilior
889 2417 968 2482 haeo
991 2419 1141 2483 correctio
1161 2423 1211 2484 est
1233 2426 1264 2483 et
1285 2437 1366 2502 quae

243 2521 296 2584 rix
323 2521 397 2586 reici
426 2523 527 2605 possit
554 2541 648 2605 quam
674 2519 824 2586 Meinekii
853 2527 1062 2586 commentum
1092 2521 1125 2586 in
1152 2541 1195 2586 va
1223 2523 1284 2585 117
1311 2539 1365 2586 ex-

244 2624 425 2706 cogitatum.

345 2743 388 2792 vs,
414 2728 484 2790 117.
509 2724 565 2809 ἐγὼ
587 2724 618 2790 δὲ
640 2729 686 2790 καί
707 2750 745 2790 κα
766 2728 850 2790 ποττὸ
874 2727 1014 2811 Ταΰγετον
1037 2729 1097 2790 ἄνα)

508 2828 627 2915 ἔλσοιμ’,
651 2835 705 2896 ὅπα
728 2835 860 2917 μέλλοιμί
881 2829 907 2916 y’
920 2834 1031 2921 εἰράναν
1053 2834 1124 2917 ibris·

243 2935 327 3000 Libri
342 2936 375 3000 in
392 2937 546 3022 scriptura
569 2939 623 3000 ὅπα
646 2937 743 3022 (quod
765 2937 1008 3024 imprimendum
1032 2958 1101 3003 esse
1124 2937 1180 3021 ὁπᾷ
1195 2934 1365 3002 Ahrensius

243 3039 349 3124 docet)
377 3043 584 3108 consentiunt.
631 3041 708 3106 Cum
736 3061 808 3107 vero
838 3041 994 3106 sententia
1021 3041 1073 3122 sit,
1102 3062 1137 3107 se
1163 3041 1212 3107 vel
1235 3039 1364 3125 Taygeti

243 3166 397 3211 cacumen
421 3146 706 3228 ascenderemus,
730 3147 755 3212 si
779 3145 838 3212 hoo
860 3143 934 3210 inde
962 3153 1180 3230 consequatur,
1196 3151 1230 3209 ut
1253 3165 1361 3229 paoem

242 3248 354 3330 videat,
372 3249 547 3317 Meinekius
564 3253 592 3314 αἱ
607 3251 738 3335 μέλλοιμι
754 3247 980 3316 restituendum
998 3269 1067 3315 esse
1083 3249 1209 3316 iudicat.
1249 3247 1363 3326 Quam-

241 3375 334 3438 quam
358 3356 404 3419 vir
427 3377 566 3422 summus
590 3356 778 3422 sententiam
802 3355 873 3419 huic
896 3354 965 3420 loco
989 3356 1227 3421 convenientem
1250 3354 1364 3421 forrna'·

240 3459 293 3539 vit,
316 3465 420 3524 tamen
444 3479 524 3543 quae
546 3458 661 3525 tradita
683 3465 754 3524 sunt
775 3458 872 3524 verba
894 3464 926 3524 et
947 3459 1017 3544 ipsa
1032 3457 1158 3523 facilem
1174 3457 1362 3544 explicatum

241 3561 364 3626 habent.
410 3561 577 3647 Postquam
607 3561 781 3649 Lysistrata
810 3562 892 3629 bello
924 3582 959 3627 se
985 3561 1079 3626 finem
1107 3560 1261 3635 iacturam
1296 3581 1364 3628 esse

240 3665 404 3731 mulierum
433 3685 493 3752 ope
517 3667 669 3751 promisit,
693 3665 895 3731 mulierculae
925 3684 1049 3730 summa
1074 3664 1159 3731 mala
1185 3685 1220 3732 se
1242 3667 1364 3751 perpeti

239 3777 365 3854 paratas
389 3790 459 3836 esse
484 3772 517 3836 in
541 3769 735 3856 Lysistratus
752 3769 881 3834 consilio
898 3766 1063 3834 efficiendo
1085 3769 1174 3853 ipsae
1197 3767 1363 3834 affirmant.

239 3872 385 3958 Lampito
418 3873 551 3940 duarum
585 3871 822 3938 Atheniensium
857 3871 1044 3936 feminarum
1083 3872 1364 3939 asseverationibus

238 3986 322 4043 recte
345 3997 379 4042 se
395 3978 444 4042 vel
458 3977 631 4064 Taygetum
655 3975 837 4057 ascendere,
862 3981 895 4040 ut
910 3974 985 4040 inde
1003 3995 1113 4061 pacem
1137 3973 1251 4057 rideat,
1266 3973 1363 4042 addit.

238 4080 359 4147 Tertius
385 4081 472 4149 locus
497 4102 516 4146 a
543 4080 658 4147 criticis
681 4088 829 4164 purgatus
853 4099 936 4145 nunc
958 4080 991 4143 in
1015 4078 1204 4145 editionibus
1231 4078 1277 4144 sic
1298 4078 1364 4145 fere

239 4193 354 4250 exstat:
