3082 4664
670 265 857 333 -'-8-

289 455 439 524 Venimus
461 457 556 524 adid
579 457 772 524 condicionis
791 475 901 549 genus,
924 457 1168 544 quodquoniam
1191 459 1224 524 in
1246 479 1323 546 apo·

206 557 276 627 dosi
305 559 494 628 indicativus
509 615 511 618 .
529 561 662 628 aoristus
696 561 762 628 sive
784 559 887 627 nudus
920 561 986 627 sive
1020 563 1218 652 consociatus
1251 582 1323 629 curn

205 662 361 747 particula
387 666 421 727 ἄν
443 663 609 730 exhibetur
635 661 678 730 ad
699 683 765 730 rem
792 683 856 730 non
877 663 993 730 factam
1020 663 1173 732 referatur
1194 684 1324 732 necesse

206 772 263 830 est.
307 764 488 835 Postrdatur
515 787 555 834 ex
577 766 730 846 sermonis
751 766 858 848 graeci
883 765 1005 849 legibus
1028 768 1124 833 etiam
1150 767 1184 833 in
1205 769 1323 854 protasi
1362 809 1364 812 .
1420 818 1426 829 .

205 865 392 937 indicativus
415 870 523 936 aoristi
546 868 627 952 (sive
641 868 848 958 imperfecti);
871 867 1067 953 significatur
1081 870 1166 936 enim
1187 868 1222 935 id
1241 869 1325 956 quod

207 970 304 1055 fieret,
328 973 356 1039 si
377 978 504 1040 servate
529 979 614 1040 essct
635 971 790 1055 condicio,
818 970 875 1039 sed
907 990 971 1038 non
1002 970 1047 1055 fit,
1081 975 1245 1060 quianon
1277 979 1326 1040 est

138 1063 141 1068 ’
207 1081 338 1140 servate.
387 1073 504 1152 Quodsi
530 1075 564 1140 in
589 1073 699 1141 talium
726 1073 960 1140 enuntiatorum
990 1076 1111 1160 protasi
1137 1073 1326 1144 indicativus

206 1177 380 1260 praesentis
406 1177 573 1245 adhibetur
598 1175 789 1261 singularem
817 1176 1060 1262 explicationem
1092 1177 1196 1261 hahet,
1224 1197 1326 1262 neque

193 1284 352 1361 ,quattuor
373 1280 586 1366 exemplorum
602 1299 683 1364 quae
705 1278 789 1365 apud
802 1279 1046 1366 Aristophanem
1061 1278 1226 1346 haduntur
1247 1281 1326 1346 ratio

207 1401 333 1465 prorsus
355 1379 468 1449 eedem
488 1389 546 1451 est.
589 1381 625 1448 In
648 1382 849 1469 depingenda
870 1382 1032 1450 hominum
1053 1382 1209 1466 elatorum
1226 1383 1327 1450 felici·

207 1491 272 1550 tate
293 1483 519 1572 Aristophanes
541 1487 676 1572 primurn
698 1487 796 1553 utitur
817 1486 1001 1571 imperfecto
1024 1488 1049 1550 εἴ
1069 1509 1111 1558 τις
1124 1488 1160 1573 ip
1175 1486 1328 1576 ὑπόπτερος

210 1636 216 1649 .
240 1636 250 1653 .
275 1638 283 1653 .
307 1590 475 1675 ἐκπτόμενος
497 1594 531 1655 ἂν
554 1593 635 1662 οὗτος
656 1593 808 1680 ἠρίστησεν
831 1590 929 1656 ἐλθὼν
952 1587 1055 1669 oderade,
1079 1590 1136 1660 sed
1156 1595 1274 1679 pergit:
1374 1667 1375 1672 ρ

250 1694 309 1760 Αν.
324 1717 368 1762 va.
385 1698 457 1762 790.
481 1699 505 1761 εἷ
527 1719 558 1760 τε
579 1697 793 1786 Πατροκλείδης
815 1720 855 1768 τις
878 1695 956 1781 ὑμῶν
978 1681 1108 1784 τιηχοίνει
1129 1703 1282 1784 χεζητιῶν,
1412 1749 1413 1752 .

480 1803 586 1866 οὐκᾶν
609 1792 723 1876 ἐξίδισεν
746 1803 777 1873 ἐς
798 1803 953 1886 θοίμάτιον,
977 1800 1046 1866 ἀλλ’
1070 1805 1212 1880 ἀνέπτετο.

383 1908 455 1973 793.
478 1910 553 1972 εἴτε
576 1910 714 1996 μοιχεύων
736 1930 785 1978 τις·
800 1907 879 1991 ὑμῶν
902 1908 973 1971 ἐστιν
997 1909 1072 1978 ὅστις
1093 1913 1231 1994 τοηχάνει,

383 2013 455 2078 795.
478 2015 559 2085 οὗτος
581 2019 615 2077 ἂν
637 2015 721 2077 πάλιν
744 2016 799 2101 παρ’
823 2012 901 2096 ὑμῶν
923 2015 1089 2102 πτερυγίσας
1111 2015 1253 2101 ἀνέπτετο.

210 2111 363 2183 Praesens
381 2113 514 2204 ¹tempus
529 2118 582 2186 de
609 2119 787 2186 hominihus
814 2119 922 2203 quotes
954 2125 1099 2204 spectant
1130 2115 1327 2185 comoediam

210 2225 384 2303 usurpatur,
398 2220 548 2306 epodosis
570 2222 612 2288 ad
626 2242 693 2289 rem
715 2242 778 2290 non
798 2241 871 2288 vere
892 2221 1011 2288 factem
1025 2222 1173 2306 pertinet
1216 2218 1328 2286 Melius

170 2359 172 2364 ,
209 2318 358 2388 clucescit
377 2325 537 2409 utriusque
558 2327 692 2393 membri
717 2325 838 2408 relatio,
866 2325 894 2392 si
921 2322 1072 2390 vertendo
1098 2324 1327 2408 interponimus

113 2499 114 2502 Ἴ
209 2424 404 2508 partientem,
418 2446 478 2510 qua
490 2427 654 2513 epodosim
665 2430 699 2495 in
709 2427 968 2495 fabulosare'rum
979 2433 1092 2492 natura
1103 2446 1174 2513 esse
1186 2429 1327 2512 apparet

131 2587 133 2592 s
211 2525 243 2590 Si
266 2528 334 2610 quis
360 2539 498 2598 reanum
520 2531 633 2606 alatus
648 2538 742 2614 esset,
764 2532 793 2598 is
815 2531 964 2613 evolaret,
987 2537 1019 2596 et
1041 2532 1067 2598 si
1098 2531 1167 2616 quis
1194 2530 1273 2598 forte
1295 2537 1329 2596 ut

210 2627 402 2698 Patrochdes
429 2635 591 2718 cacaturit,
617 2653 681 2700 non
706 2633 770 2716 ille,
797 2641 864 2700 tum
891 2632 1012 2701 scilicet
1044 2633 1072 2700 si
1104 2633 1208 2700 alatus
1234 2623 1338 2714 esset

209 2731 339 2816 pallium
362 2738 599 2819 contaminaret,
611 2735 679 2803 'sed
701 2735 925 2822 ahopavolaret
946 2741 979 2801 et
999 2734 1135 2802 retacta
1156 2735 1217 2803 huc
1238 2755 1330 2802 revo-

210 2833 301 2904 laret
350 2836 543 2907 Patroclides
570 2847 637 2908 erat
668 2846 895 2927 κατασχηρονὼν
926 2845 983 2903 τῶν
1010 2846 1186 2928 στρωμάτων
1219 2848 1251 2906 et
1283 2859 1329 2906 vs.

213 2939 274 3002 790
301 2959 410 3008 omnes
439 2945 507 3010 eius
532 2943 608 3010 socii
641 2942 868 3027 describuntur,
895 2963 973 3028 quoa
994 2951 1091 3030 poeta
1116 2963 1178 3010 uno
1202 2943 1330 3009 nomine

212 3034 378 3127 complecti
392 3047 502 3129 potuit,
525 3055 559 3112 ut
576 3067 619 3113 us.
644 3049 705 3112 793
722 3047 751 3110 oi
761 3049 852 3134 μοιχοί
866 3067 923 3134 pro
943 3047 1105 3113 enuntiato
1120 3045 1331 3112 condicionali
1452 3119 1455 3124 ,

211 3144 357 3212 substitui
382 3155 497 3233 potest
544 3148 581 3215 In
603 3150 714 3218 eadem
740 3153 848 3218 fabula
873 3148 1029 3236 patricida
1051 3148 1092 3214 ad
1118 3168 1192 3214 aves
1214 3148 1330 3214 trausi-

211 3254 306 3329 turus,
339 3258 504 3335 postquam
537 3273 606 3320 esse
638 3253 740 3336 legem
774 3254 893 3320 audivit
925 3273 966 3319 ex
998 3271 1060 3336 qna
1093 3251 1187 3317 etiam
1222 3250 1331 3316 aribus
1442 3253 1446 3260 '

212 3357 301 3435 pater
323 3354 455 3421 alendus
478 3365 576 3437 osset,¹
593 3357 749 3424 exclamat

314 3477 358 3524 vs.
384 3459 475 3524 1358.
498 3462 649 3524 ἀπέλαυσά
671 3459 696 3523 τ’
709 3460 755 3549 ἄρ’
779 3465 813 3525 ἂν
835 3461 871 3546 νὴ
895 3457 936 3524 Δί’
949 3459 1046 3542 ἐλθὼν
1069 3459 1176 3536 ἐνθαδί,
1225 3481 1227 3486 ·

501 3567 576 3654 εἴπερ
599 3569 699 3651 ηὲ·ριοι
721 3566 769 3629 καί
789 3567 838 3630 τὸν
860 3570 970 3655 πατέρα
992 3566 1154 3650 βοσκητέον.

214 3664 246 3730 si
268 3674 389 3752 patrem
413 3659 585 3738 secundum
608 3673 712 3736 avium
734 3671 821 3754 leges
844 3677 969 3756 oportet
995 3669 1089 3749 alere,
1116 3689 1233 3754 operae
1260 3687 1332 3752 pre-

213 3771 290 3848 tium
316 3771 461 3844 fecissem
490 3773 550 3840 huc
576 3775 716 3858 veniens,
744 3794 825 3858 quae
852 3775 949 3839 verba
974 3773 1093 3839 ironice
1119 3768 1333 3853 intellegenda

214 3881 298 3942 sant:
325 3895 389 3942 non
416 3896 530 3962 operae
557 3884 605 3943 est
631 3876 692 3943 huc
719 3877 853 3959 venisse,
881 3877 908 3942 si
934 3883 1055 3961 patrem
1088 3876 1173 3942 alere
1200 3879 1332 3960 oportet.

215 3975 293 4043 Oum
320 3962 475 4064 patricida
502 3979 641 4046 nondum
669 3981 787 4046 civibus
810 3999 910 4046 novae
937 3978 1150 4064 reipublicae
1173 3976 1332 4060 adcriptus

216 4082 265 4165 sit,
298 4083 399 4169 pouit,
432 4081 516 4168 quid,
550 4084 575 4149 si
613 4082 792 4168 adscriptus
819 4087 920 4164 esset,
951 4082 1124 4148 evenisset.
1173 4078 1333 4145 Pullorum

215 4183 364 4270 officinm„
389 4193 424 4254 ut
450 4191 573 4272 patrem
594 4184 696 4268 alant,
724 4193 841 4265 manet,
869 4185 934 4250 sive
956 4183 1080 4250 accedit
1107 4181 1149 4248 ad
1170 4201 1245 4248 aves
1268 4182 1335 4248 sive
