3082 4664
632 302 843 364 ,33-

178 497 270 562 deum
299 495 401 560 risum
436 495 690 576 recuperatumm
718 508 799 570 ease,
833 487 991 573 praesenti
1024 485 1214 553 consuetudo
1248 484 1300 551 dei

177 599 337 686 persanati
360 595 548 681 depingitur.
593 591 690 690 Inter¹
705 593 864 676 utriusque
892 591 1042 677 temporie
1065 591 1300 658 'eoniunotivum

178 723 248 769 oum
276 700 400 766 facilius
430 696 504 782 quid
531 696 653 762 intersit
682 702 899 777 cognoscatur,
927 695 954 760 si
987 691 1126 759 eiusdem
1153 693 1240 759 uerbi
1268 699 1302 759 et

178 806 285 874 aoristi
298 809 330 869 et
341 800 514 888 praesentis
526 798 706 884 exemplum
722 803 836 881 exstat,
849 795 1118 882 endristophanis
1130 795 1301 863 comoediis

180 917 301 996 septem
340 903 493 971 eiusmodi
531 902 678 988 exempla
721 902 845 986 collegi,
882 921 962 986 quae
1006 919 1090 967 nuno
1133 900 1301 986 proferam.

180 1011 322 1078 Primum
345 1012 407 1088 eat3

180 1114 219 1180 V.
243 1135 287 1180 us.
311 1112 383 1177 539.
406 1110 431 1172 τί
453 1111 507 1197 ῃάρ
530 1105 603 1196 φάθ’
628 1107 714 1191 ὑμεῖς,
739 1109 775 1192 ἢν
798 1109 839 1170 ὁδί
862 1130 897 1191 με
919 1116 961 1194 τῷ
983 1108 1061 1193 λόγῳ
1084 1111 1232 1196 κρατήσῃ;

225 1239 270 1285 vs.
295 1219 385 1283 1514.
410 1215 444 1279 σὺ
467 1215 498 1278 δὲ
522 1218 617 1280 1515.
641 1215 737 1298 ἅλμην
761 1213 834 1276 κύκα
855 1215 998 1291 τούτοισιν,
1022 1216 1058 1298 ὴν
1081 1213 1137 1298 ε’ῃὼ
1160 1220 1264 1302 κρατῶ.

182 1322 222 1389 Et
254 1323 305 1388 hio
338 1329 370 1387 et
402 1321 467 1386 illio
494 1320 625 1386 vietoria
657 1319 697 1385 ab
726 1317 905 1385 adversario
928 1324 1014 1386 oerto
1038 1319 1229 1405 reportanda
1254 1320 1302 1384 in-

180 1427 340 1509 tellegitur
360 1445 471 1509 neque,
493 1422 648 1508 quomodo
666 1421 790 1488 differat
806 1425 966 1507 utriusque
982 1424 1132 1490 victoriae
1149 1423 1303 1506 eondieio,

179 1529 282 1598 rideo.
327 1528 479 1610 Eiusdem
503 1526 686 1595 comoediae
709 1527 842 1593 alterum
865 1527 1046 1612 exemplum
1067 1526 1204 1594 traditur

181 1655 228 1701 vs.
252 1633 324 1698 684.
349 1633 393 1695 σοὶ
414 1630 488 1716 λ’ἠν
510 1655 550 1702 τις
572 1633 614 1718 δῷ
635 1629 701 1702 τοὺς
722 1638 796 1719 τρεῖς
820 1629 948 1714 ὀβολοὺς,
974 1631 1093 1716 meede.

182 1759 228 1806 vs.
252 1738 323 1804 693.
347 1739 382 1822 ἠν
405 1740 446 1809 τίς
467 1759 492 1802 τι
515 1739 581 1825 dedo]
602 1745 659 1803 τῶν
675 1741 843 1826 φευγόντων,
860 1727 994 1810 ξυνθέντε
1008 1738 1040 1801 τὸ
1055 1747 1169 1825 πρᾶγμα
1184 1737 1226 1802 δύ’
1239 1739 1301 1801 ὄντε

346 1844 563 1909 ἐσπουδάκατον.

184 1948 395 2017 Philodemus
419 1957 451 2016 et
476 1949 723 2016 adversariorum
751 1946 918 2013 adulatorii
944 1967 1046 2015 mores
1078 1948 1304 2016 deseribuntur.

184 2051 253 2119 Non
275 2059 381 2140 potest
402 2054 536 2120 aoristus
560 2051 599 2118 de
623 2071 656 2118 re
679 2052 778 2118 semel
793 2051 879 2118 faeta
894 2052 994 2138 aooipi
1010 2057 1141 2138 propter
1155 2073 1305 2139 praesens

184 2156 361 2243 adpositum
379 2157 490 2242 ἀγαπᾷς
505 2150 620 2242 etipse
632 2175 769 2223 conexus
782 2153 865 2221 hone
879 2157 1171 2241 interpretationem
1186 2158 1305 2223 evertit.

185 2262 290 2329 Etiam
306 2263 366 2330 hoo
381 2265 451 2331 loeo
467 2261 657 2330 eoniunetivi
678 2261 744 2348 διδῷ
760 2267 791 2326 et
812 2260 854 2348 td
872 2280 966 2347 pares
982 2268 1054 2328 sunt
1068 2260 1306 2345 significatione.

80 2365 89 2382 ⁰
186 2367 314 2434 Reetiue
329 2368 502 2436 Hermanni
519 2367 670 2450 definitio,
686 2386 838 2454 praesens
853 2387 921 2433 rem
938 2365 1101 2433 durantem
1118 2366 1167 2432 vel
1182 2367 1308 2453 saepius

188 2468 364 2554 repetitam,
387 2473 520 2538 aoristus
543 2491 609 2538 rem
634 2470 809 2536 absolutam
832 2476 886 2536 aut
907 2469 1005 2537 semel
1029 2470 1143 2537 saetam
1167 2470 1308 2537 indicare

186 2572 331 2657 usurpari
352 2579 457 2658 potest
481 2573 520 2639 de
542 2573 591 2640 his
613 2574 770 2639 versibus:

231 2673 312 2742 Nub.
337 2695 380 2743 vs.
398 2675 470 2741 501.
494 2677 529 2760 ἡν
553 2677 690 2762 ἐπιμελὴς
712 2676 736 2739 ὢ
759 2677 806 2740 καὶ
826 2678 982 2765 προθύμως
1004 2678 1153 2761 μανθάνω,

494 2787 534 2868 τά
556 2789 611 2846 τῶν
635 2783 776 2868 μαθητῶν
798 2782 927 2871 ἐμφερὴς
948 2787 1117 2869 ῃενήσομαι;

272 2887 307 2953 V.
332 2907 377 2954 vs.
395 2886 468 2950 514.
492 2884 562 2949 ἀλλ’
574 2885 624 2949 ἐάν
646 2894 729 2971 σιμῖιν
752 2891 866 2974 ἀνάσχῃ
889 2889 936 2950 καὶ
958 2889 1059 2973 μάθῃς
1082 2887 1142 2973 ἁῃὼ
1164 2889 1251 2972 λέῃω,

494 2981 666 3064 ἀναδιδάξειν
695 2993 786 3076 οἴομαί
815 2990 842 3055 α’
856 2991 896 3062 ὡς
918 2999 1009 3056 πάντα
1031 2991 1116 3057 ταῦθ’
1130 2995 1307 3082 ἁμαρτάνεις.

186 3119 255 3166 oum
275 3095 473 3184 Strepsiadee
496 3093 618 3182 quaque
641 3097 807 3164 oeoasione
829 3097 936 3164 oblata
959 3104 990 3165 et
1005 3098 1109 3182 quoad
1124 3100 1156 3165 in
1172 3100 1309 3168 Socratis

186 3201 354 3287 diseiplina
376 3201 427 3283 sit,
443 3199 627 3283 diligentem
643 3220 677 3266 se
692 3199 829 3266 futurum
846 3220 916 3266 esse
928 3200 1124 3287 polliceatur,
1140 3201 1310 3289 Bdelyoleo

174 3323 263 3370 ·ver0
287 3303 481 3370 audientiam
505 3303 563 3370 eibi
585 3302 682 3369 tribui
698 3301 777 3368 uelit
797 3309 831 3369 ut
852 3304 951 3390 patrie
967 3303 1131 3372 stultitiam
1154 3304 1309 3373 ostendat.

193 3405 271 3472 Rem
306 3408 404 3474 semel
437 3405 616 3472 iaoiendam
644 3406 842 3473 ooniunotivo
870 3412 903 3474 et
935 3408 1043 3476 aurieti
1077 3415 1109 3475 et
1134 3411 1312 3495 praesentis

190 3509 359 3592 significari
374 3514 516 3596 apparet
536 3509 569 3574 in
593 3510 717 3592 Arium,

292 3631 336 3678 vs.
359 3614 410 3676 53.
434 3613 572 3697 εἰσόμεθα
593 3611 619 3677 θ’
633 3613 733 3692 αὐτίκ’,
757 3615 793 3700 ἢν
815 3619 977 3701 ποιήσωμεν
1001 3618 1102 3703 ψόρον.

292 3737 336 3783 ιε.
359 3717 431 3782 977.
454 3718 510 3802 κῆν
534 3717 584 3803 μὲν
610 3769 616 3782 .
643 3770 649 3783 .
676 3769 683 3784 .
707 3729 791 3805 ποιῇς
813 3719 897 3784 ταῦθ’
922 3721 964 3791 ὡς
986 3720 1136 3798 ἐπιτέλλω,

496 3826 588 3897 αἰετὸς
610 3825 640 3891 ἐν
662 3829 801 3916 νεφέλῃσι
822 3829 962 3911 ῃενήσεαι.

191 3924 416 3994 Goniunetivus
438 3927 472 3994 in
494 3931 620 3997 oraeulo
635 3931 741 4017 lepide
756 3931 829 3997 fioto
845 3949 883 3996 eo
899 3932 1000 4015 magis
1015 3931 1313 4001 animadvertendus

190 4043 247 4115 est,
267 4050 337 4097 eum
355 4030 576 4116 subsequatur:
601 4036 630 4098 ui
651 4036 683 4098 λε’
705 4057 738 4098 κε
761 4034 802 4118 μὴ
825 4033 891 4121 δῷς,
916 4034 966 4099 οὐκ
989 4037 1045 4100 ἔσει
1067 4038 1130 4101 κτλ.
1168 4036 1313 4105 Admeto

190 4135 311 4222 reliqua
347 4137 409 4202 tria
445 4138 605 4224 exempla,
642 4139 676 4204 in
713 4138 824 4223 quibus
861 4142 1013 4226 numquid
1050 4144 1187 4226 intersit,
1206 4139 1314 4208 'nemo

191 4261 255 4308 non
277 4240 387 4306 sentit:
1141 4259 1143 4265 ·

1128 4348 1145 4402 3
