3082 4664
625 329 831 392 „61-.

150 497 155 506 '
231 513 242 544 ³
267 541 310 585 vs.
338 520 431 584 1098.
660 520 736 583 δεινά
758 541 795 581 κα
809 518 1003 601 ’πεπόνθειιεσ

368 627 398 688 αἱ
418 625 490 688 εἶδον
513 623 569 708 ἁμὲ
590 624 713 713 τῶνδρες
733 625 993 712 ἀμπεφλασμένως.

150 727 228 794 Sed
251 729 284 794 iu
306 728 394 796 libris
416 730 651 815 manuscriptis,
674 732 701 797 si
725 728 976 797 condicionalem
1000 729 1067 795 cius
1095 733 1215 813 partem
1242 745 1292 791 re-

150 832 317 917 spicimus
340 833 394 896 aab
415 834 597 918 πεπόνθαμες
612 843 645 902 et
659 834 687 896 αἴ
708 834 735 896 κ’
749 840 879 899 exarata
891 838 970 899 sunt.
1001 831 1034 896 Si
1046 830 1180 896 haconis
1198 829 1294 896 verba

151 935 203 1002 ad
236 938 324 1004 attici
353 940 506 1006 sermonis
533 958 677 1006 normam
704 939 870 1022 dirigenda
895 944 977 1022 suut,
1005 945 1090 1004 carte
1111 934 1239 1018 Bergkii
1262 943 1294 1000 et

152 1039 314 1106 Meinchii
343 1035 530 1109 correcturis
557 1063 637 1129 opus
666 1049 724 1108 cst.
769 1043 839 1124 Ego
875 1041 1002 1109 doricae
1035 1039 1163 1106 dialecti
1186 1039 1292 1121 legum

152 1145 406 1230 syntacticarum
438 1146 613 1232 imperitior
638 1166 717 1228 sum,
748 1165 842 1230 quam
870 1152 904 1210 ut
929 1143 1077 1211 traditam
1104 1143 1291 1229 scripturam

153 1255 248 1314 stare
281 1267 376 1332 posse
413 1249 589 1334 praefracte
622 1248 813 1331 negaverim.
859 1247 893 1313 Si
926 1249 1103 1315 vetustioris
1137 1247 1293 1313 sermonis

155 1352 271 1432 graeci
293 1371 383 1418 usum
406 1352 592 1437 respexeris,
615 1371 717 1435 neque
732 1371 752 1417 a
767 1371 913 1418 sermone
928 1353 1023 1418 attico
1040 1351 1192 1417 absonum
1208 1369 1289 1432 esse,

156 1456 185 1518 εἰ
211 1473 282 1520 cum
309 1454 480 1520 indicativo
508 1463 686 1540 temporum
713 1454 932 1534 historicorum⁴
962 1456 1050 1521 socia
1076 1453 1231 1540 particula
1257 1458 1293 1517 ἄν

157 1562 194 1625 in
220 1560 337 1644 protasi
361 1558 514 1643 adhiberi,
533 1558 794 1644 consideraverit,
821 1566 907 1628 certe
936 1559 976 1626 de
998 1559 1135 1627 delenda
1156 1579 1233 1627 voce
1255 1583 1292 1623 κα

159 1664 346 1750 scrupulum
370 1664 446 1729 mihi
470 1672 587 1732 restare
611 1685 673 1732 uon
696 1666 870 1732 miraberis.

248 1751 392 1852 Doniqde
427 1787 490 1834 non
523 1768 754 1854 praetereunda
785 1776 858 1836 sunt
890 1769 1027 1857 Scythae
1064 1767 1292 1836 Mnesilochum

157 1870 371 1938 custodientis
399 1873 494 1938 verba
519 1873 553 1938 in
580 1870 929 1958 Thesmophoriazusis,
951 1881 1099 1959 corrupta
1120 1872 1290 1938 admodum
1350 1941 1355 1952 ‚

157 1995 265 2059 neque
287 1976 328 2041 ab
351 1976 436 2040 omni
459 1983 550 2060 parte
571 1975 741 2043 intellecta.
786 1975 893 2043 Prima
920 1978 988 2043 eius
1016 1977 1190 2042 enuntiatio
1214 1995 1289 2041 con-

158 2076 338 2160 dicionalis,
359 2099 404 2144 vs.
420 2079 503 2143 1119
525 2098 582 2162 sq,
605 2078 680 2163 quid
703 2081 762 2146 sibi
777 2080 853 2146 velit
867 2079 962 2165 plana
978 2081 1144 2146 nescimus.
1182 2079 1220 2144 ln
1243 2078 1292 2145 his

159 2183 340 2248 sententiaa
376 2180 515 2249 tenebris
552 2183 748 2266 criticorum,
785 2202 950 2249 caecorum
987 2202 1075 2249 more
1111 2183 1291 2265 errantium,

158 2285 338 2350 tentamina
375 2299 540 2351 recensere
577 2285 687 2352 inutile
723 2294 780 2353 est.
825 2284 963 2352 Facilius
987 2285 1118 2370 'reliqua
1150 2285 1291 2352 eiusdem

160 2387 283 2453 lictoris
313 2389 475 2455 enuntiata
502 2388 734 2456 condicionalis
761 2388 985 2472 intelleguntur
1010 2409 1055 2456 vs.
1081 2390 1163 2454 1123
1191 2408 1237 2474 sq.
1261 2395 1293 2456 ct

160 2492 326 2558 vs.1187.

251 2592 287 2659 In
315 2594 535 2681 Aristophanis
569 2594 742 2663 comoediis
774 2595 861 2661 varie
894 2594 1091 2661 oraculorum
1125 2593 1292 2681 cupiditas,

163 2716 246 2782 quaa
269 2696 345 2764 belli
366 2697 629 2784 Peloponnesiaci
655 2699 745 2764 initio
767 2697 900 2765 Athenis
923 2699 1134 2782 grassabatur,
1158 2699 1292 2766 oraculis

161 2800 245 2868 lictis
267 2802 497 2887 perstringitur.
531 2801 658 2869 Bacidie
673 2802 877 2869 famosissimi
891 2803 972 2868 vatis
987 2803 1114 2869 uomina
1129 2803 1292 2888 proferun-

160 2911 212 2969 tur
240 2924 321 2988 quae
347 2913 477 2989 propter
501 2907 655 2972 sermonis
682 2905 814 2973 formam
847 2905 888 2971 ad
923 2925 979 2972 nos
1013 2907 1156 2973 attinent
1201 2904 1292 2972 Prius

161 3007 324 3073 oraculum
346 3009 379 3072 in
402 3006 572 3094 Equitibus
594 3008 702 3076 tabula
723 3009 871 3077 traditur:

205 3132 249 3178 ιι.
272 3111 345 3176 200.
369 3112 587 3197 κοιλιοπώλῃσιν
610 3112 641 3177 δὲ
662 3115 731 3186 θεὸς
752 3117 826 3199 μέγα
847 3114 936 3183 κῦδος
959 3115 1069 3195 ὀπάζει,

367 3218 395 3281 αἶ
417 3240 455 3281 κα
477 3218 518 3304 μὴ
540 3221 646 3284 πωλεῖν
669 3221 817 3291 ἀλλᾶντας
838 3220 952 3304 μᾶλλον
974 3220 1104 3284 ἕλωνται.

204 3342 248 3388 vs.
271 3324 343 3389 209.
367 3324 415 3386 τὸν
438 3323 486 3387 οὖν
508 3325 649 3412 δράκοντά
671 3348 741 3412 φησι
763 3326 811 3388 τὸν
837 3324 1000 3414 βυρσαίετον

364 3431 422 3515 ἤδη
445 3434 605 3518 κρατήσειν,
628 3431 656 3493 αἴ
678 3453 710 3495 κε
732 3431 773 3516 μὴ
796 3433 926 3520 θαλφθῇ
947 3432 1049 3515 λόγοις.

160 3532 292 3598 alterum
315 3534 428 3601 Avium
452 3542 501 3603 est
522 3557 567 3603 vs.
590 3537 663 3603 978.
818 3540 846 3601 od
867 3539 899 3602 bt
920 3561 953 3602 κε
975 3536 1017 3622 μὴ
1038 3537 1106 3622 δῷς,

364 3641 414 3705 οὐκ
436 3643 492 3708 ἔσει
514 3643 547 3706 οὐ
569 3642 686 3733 τρυγὼν,
710 3645 742 3708 οὐ
763 3645 856 3729 lutea,
878 3645 911 3708 od
933 3643 1138 3733 δρυκολάπτης.

157 3743 195 3810 lu
219 3742 366 3829 Equitum
390 3769 481 3816 versu
503 3749 576 3814 201.
601 3749 702 3817 codex
724 3750 892 3817 Ravennae
914 3752 943 3814 αἴ
965 3773 1003 3813 κα
1024 3748 1164 3834 praebat,
1187 3744 1290 3811 Vene-

27 3847 29 3858 ’
158 3861 208 3915 tus
235 3852 264 3914 οἴ
291 3873 349 3936 κεν,
383 3853 506 3923 duobus
542 3855 669 3939 reliquis
703 3857 781 3922 locis
815 3856 887 3930 libri
916 3876 1011 3922 unum
1039 3855 1068 3918 οἵ
1094 3876 1126 3917 κε
1153 3850 1291 3918 tradunt.

159 3952 223 4020 lam
255 3958 281 4022 si
310 3956 384 4041 quid
410 3957 655 4044 Aristophanem
683 3959 825 4040 moverit,
853 3965 887 4024 ut
912 3960 1014 4044 primo
1045 3959 1116 4025 loco
1139 3958 1291 4058 doricam,

158 4058 298 4127 secundo
321 4068 353 4127 et
374 4062 466 4129 tertio
490 4063 611 4148 epicam
635 4061 769 4128 formam
792 4070 967 4148 usurparat,
983 4063 1190 4147 quaesiveris,
1215 4080 1291 4127 cau·

157 4180 226 4228 sam
247 4162 444 4249 probabilem
467 4184 526 4249 ego
550 4165 667 4232 nullam
692 4165 792 4232 video.
828 4163 962 4232 Accedit
983 4163 1066 4251 quod
1082 4165 1182 4232 altero
1204 4163 1289 4248 loco,

157 4285 217 4348 quo
251 4268 412 4334 oraculum
446 4265 540 4335 modo
574 4267 732 4354 prolatum
768 4267 910 4355 pluribus
948 4269 1147 4355 explanatur,
1184 4268 1293 4352 utiquc
