3082 4664
300 481 382 610 Qui
406 527 478 602 post
501 518 644 600 egregias
661 497 1020 583 Godofredi'Hcrmanni
1037 537 1128 584 curas
1144 521 1176 583 in
1193 540 1353 602 gramma·

221 623 305 687 ticae
332 640 465 702 graecae
493 629 583 705 parte
611 640 739 706 operam
771 615 1004 686 collocaverant
1031 640 1079 701 ea,
1103 642 1164 704 qua
1187 625 1351 690 enuntiata

222 724 453 789 condicionalis
482 723 692 802 continentur,
720 725 752 787 in
780 723 858 788 duas
888 732 991 808 partes
1019 724 1173 789 abierunt.
1223 724 1349 792 Etenim

223 848 293 892 cum
316 827 589 909 grammaticorum
612 826 739 912 plurimi
762 811 794 890 et
816 831 957 891 vetemm
981 831 1014 891 et
1028 824 1201 892 Hermanui
1218 831 1350 911 vestigia

222 932 322 996 secuti
349 949 450 1012 neque
477 930 630 1012 originem
659 949 730 994 cum
760 929 991 993 enuntiatorum
1015 930 1258 1014 compositorum
1283 943 1350 998 tum

222 1033 485 1099 condicionalium
514 1031 685 1097 admodum
713 1040 859 1108 curantes
888 1069 927 1078 -
957 1033 1080 1117 excipio
1114 1032 1350 1119 philosophicos

222 1157 299 1220 quos
323 1141 437 1200 vocant
458 1136 680 1218 grammaticos
697 1171 736 1180 -
754 1135 934 1200 subtiliores
951 1153 1044 1218 quam
1061 1137 1196 1201 veriores
1216 1136 1348 1203 distinc-

222 1236 332 1320 tiones,
362 1259 442 1322 quae
469 1240 551 1302 inter
580 1239 681 1303 varias
709 1237 821 1302 horum
855 1237 970 1302 formas
1003 1237 1244 1320 intercederent,
1272 1260 1349 1306 enu-

220 1343 468 1424 dementante
495 1341 550 1406 bos
580 1340 829 1424 quattuordecim
857 1360 956 1406 annos
979 1339 1156 1407 Ludovicus
1179 1340 1288 1424 Lange
1316 1346 1347 1408 in

219 1446 298 1511 libro
326 1445 518 1510 nitidissimo
546 1464 639 1528 quem
665 1444 840 1528 inscripsit:
863 1442 928 1508 Der
956 1443 1152 1510 homeriscbe
1181 1444 1346 1512 Gebrauch

116 1581 122 1592 ·
221 1549 278 1613 der
305 1546 446 1612 Partikel
473 1549 519 1628 El,
548 1567 648 1612 novae
682 1547 844 1613 doctrinae
878 1555 987 1612 auctor
1013 1548 1141 1627 exstitit.
1186 1545 1351 1634 Exemplis
1450 1629 1452 1635 k

221 1655 395 1740 particulae
417 1657 441 1717 εὶ
463 1653 639 1736 homericis,
656 1657 736 1737 quae
751 1653 881 1737 optativi
898 1651 1026 1717 modum
1042 1652 1202 1736 exhibent,
1218 1674 1348 1726 accura-

218 1762 340 1826 tissime
369 1760 561 1844 perlustratis
587 1759 791 1846 probabiliter
814 1758 930 1840 docuit,
959 1761 1121 1824 enuntiata
1147 1780 1166 1825 a
1192 1761 1348 1846 particula

219 1865 243 1924 εἰ
264 1863 448 1947 incipientia
468 1863 689 1946 antiquissima
712 1863 866 1928 sermonis
883 1863 988 1944 graeci
1011 1869 1114 1928 aetate
1137 1862 1177 1927 ad
1206 1865 1348 1948 optativa

216 1969 404 2052 pertinuisse
432 1976 464 2033 et
496 1967 623 2033 adiecta
656 1966 781 2032 demum
811 1967 911 2032 altera
943 1967 1169 2048 enuntiatione,
1197 1987 1287 2050 quae,
1319 1969 1345 2032 si

215 2071 316 2155 ipsius
332 2073 447 2136 veritas
464 2091 483 2134 a
498 2071 581 2136 felici
599 2084 711 2136 eventu
724 2071 880 2136 enuntiati
893 2071 1022 2154 optativi
1034 2069 1206 2155 pendebat,
1218 2071 1346 2155 saepius

124 2245 132 2260 ,
216 2194 286 2239 cum
309 2175 414 2259 priore
437 2174 577 2258 optativa
600 2174 747 2258 copulata
769 2173 885 2238 sensim
902 2172 1050 2257 apodosis
1073 2173 1176 2237 locum
1200 2174 1346 2252 obtinuit,

141 2281 145 2290 '
213 2277 355 2342 relaxata
371 2285 444 2341 ante
461 2277 604 2341 membra
619 2279 651 2341 in
667 2297 760 2341 unam
779 2276 899 2340 formae
915 2274 1142 2339 condicionalis
1158 2295 1345 2360 compagem

214 2380 381 2446 coaluisse.

168 2487 171 2495 '
300 2481 493 2565 Quamquam
507 2482 634 2548 detecta
644 2481 704 2547 hac
719 2483 840 2563 origine
856 2483 970 2546 mirum
986 2489 1135 2563 quantum
1152 2481 1345 2565 proiecimus

212 2586 244 2649 in
268 2585 471 2669 explananda
492 2587 620 2672 syntaxi
645 2584 808 2650 homerica
829 2594 861 2650 et
883 2585 1010 2650 omnino
1034 2603 1158 2664 graeca,
1175 2603 1245 2649 cum
1267 2586 1343 2650 arti-

211 2687 319 2754 ficiose
331 2707 552 2772 usquequaque
565 2687 659 2754 modo
672 2688 797 2773 ellipsin
810 2687 904 2753 modo
917 2689 1115 2772 aposiopesin
1128 2686 1345 2754 adsciscerent

210 2791 343 2875 priores,
372 2811 452 2874 quae
485 2811 634 2876 perversa
660 2792 738 2856 ratio
767 2793 798 2856 in
834 2791 1003 2864 enuntiatis
1037 2791 1184 2875 optativis
1217 2809 1344 2875 semper

211 2913 262 2959 me
284 2893 368 2958 male
391 2893 510 2975 babuit,
533 2889 650 2975 tamem
674 2892 757 2977 quod
783 2892 866 2958 baud
888 2913 958 2958 raro
981 2895 1013 2956 in
1037 2891 1212 2959 excolenda
1233 2891 1342 2975 lingua

210 2995 337 3076 accidit,
366 3002 401 3062 ut
434 2995 560 3062 dicendi
595 2996 714 3062 formae
752 2997 912 3081 primitiva
939 2997 1024 3061 notio
1058 2995 1263 3076 abolesceret,
1291 2996 1339 3059 in-

209 3100 423 3166 crebresceret
460 3098 644 3180 derivativa,
681 3101 713 3164 in
751 3098 831 3164 baec
873 3119 996 3183 quoque
1033 3099 1196 3172 enuntiata
1232 3097 1338 3163 valuit.

122 3261 124 3266 .
208 3201 327 3279 Quodsi
350 3202 433 3288 apud
450 3204 551 3288 ipsum
570 3201 739 3267 llomemm
765 3202 981 3286 exemplorum
997 3201 1170 3296 particulae
1193 3203 1217 3263 εἰ
1239 3202 1339 3266 maior

209 3327 280 3392 pars
314 3297 464 3374 desiderii
499 3309 527 3371 vi
562 3309 687 3373 abiecta
719 3306 968 3374 condicionalem
997 3308 1177 3392 assumpsit,
1204 3305 1248 3388 id,
1276 3327 1339 3390 quo

209 3412 307 3492 magis
341 3411 543 3497 hypotactica
570 3411 804 3476 enuntiatorum
832 3418 988 3478 structura
1018 3410 1243 3495 paratacticam
1279 3410 1336 3476 eli·

209 3513 358 3595 minabat,
392 3535 430 3581 eo
458 3514 582 3580 facilius
609 3515 786 3599 oportuisse
812 3514 878 3580 lieri
906 3514 1080 3596 intellegas.
1126 3511 1234 3597 Neque
1256 3513 1335 3579 illud

206 3612 248 3678 ad
287 3614 515 3683 obscurandam
555 3616 645 3681 huius
678 3636 753 3682 usus
787 3617 941 3699 originem
978 3636 1039 3680 non
1077 3617 1212 3682 contulit
1252 3615 1336 3700 quod

205 3717 360 3801 particula
381 3721 405 3782 εἰ
426 3740 497 3786 cum
521 3723 556 3782 ἄν
577 3721 610 3784 in
633 3720 683 3782 ἐάν
706 3723 772 3788 sive
794 3721 831 3805 ἠν
854 3718 991 3784 conflata
1006 3719 1045 3785 ab
1061 3720 1149 3785 initio
1164 3717 1335 3786 enuntiatis

205 3844 290 3890 mere
313 3823 582 3891 conditionalibus
604 3826 844 3911 praefigebatur.
890 3824 1022 3916 Restant
1045 3832 1151 3891 tamen
1175 3826 1224 3892 rel
1248 3825 1333 3911 apud

203 3928 315 3993 atticos
335 3928 504 4011 scriptores
520 3929 638 3994 saeculi
655 3930 754 4012 quinti
772 3949 800 3993 a.
817 3926 851 3993 O.
869 3949 899 3992 n.
923 3929 1079 4014 exempla,
1102 3929 1214 4012 quibus
1229 3929 1332 3994 tenuis

202 4032 434 4096 enuntiatomm
446 4030 710 4112 condicionalium
727 4031 856 4113 originis
868 4033 1021 4098 memoria
1036 4040 1187 4115 servatur,
1200 4052 1332 4122 quorum

202 4130 263 4199 duo
287 4133 519 4219 Aristophanea
541 4133 680 4200 afferam.
725 4132 870 4197 Alterum
893 4140 941 4200 est
