3082 4664
643 283 684 318 .’-
728 273 853 335 25·-

206 465 209 472 ’
274 463 411 528 llockius
434 460 476 526 ad
492 482 536 527 vs.
562 462 622 524 749
639 453 761 527 scribit:
786 459 842 526 der
859 457 1014 526 Naclrsatn
1037 459 1117 541 iolgt
1139 460 1212 540 755,
1231 455 1313 541 quod

188 567 254 634 lieri
288 565 373 632 nullo
401 571 494 651 pacto
524 571 636 649 potest.
681 562 882 648 Strepsiades
916 583 980 628 non
1013 561 1106 628 aliter
1138 561 1313 627 orationem

155 705 158 712 .
188 668 336 736 claudere
372 668 405 734 in
442 667 547 733 animo
585 667 695 732 habuit
731 667 805 732 nisi:
840 666 899 732 lroc
936 665 1012 731 mihi
1048 663 1223 751 prodesset
1258 663 1314 729 sed
1425 705 1427 710 -

188 773 327 840 Socratis
342 779 473 857 stupore
487 789 568 836 nova
584 768 742 855 disciplini
757 770 914 855 sapientia
929 769 1064 836 excitato
1079 768 1315 853 interrumpitur

189 877 340 943 orationis
366 882 467 957 tenor,
490 893 583 961 quem
611 873 636 939 si
659 872 816 954 integrum
843 873 1009 938 restituere
1032 872 1122 954 velis,
1145 872 1253 956 utique
1276 892 1315 936 ex

191 979 331 1046 Socratis
365 977 467 1045 verbis
499 973 574 1040 ταῦτ’
598 979 632 1038 ἀν
662 976 838 1063 ὠφελήσειέν
865 998 901 1059 με
935 973 1124 1057 eliciendum
1158 981 1214 1040 est.
1264 971 1315 1038 Ad

138 1109 140 1118 ·
162 1163 163 1168 ρ
189 1084 323 1149 alterum
345 1102 444 1166 genus
466 1083 575 1149 omissi
598 1081 685 1148 verbi
707 1079 792 1165 quod
814 1082 846 1145 in
869 1079 1003 1166 apodosi
1024 1077 1224 1145 scribendum
1248 1085 1316 1143 erat

188 1185 393 1252 traducimur:

189 1289 261 1357 Pac.
286 1311 330 1356 vs.
356 1290 426 1354 710.
450 1291 493 1376 ἄρ’
509 1291 544 1350 ἂν
567 1287 709 1372 βλαβῆναι
731 1288 776 1351 διὰ
798 1290 900 1374 χρόνου
923 1287 949 1349 τί
973 1309 1016 1349 σοι
1038 1287 1124 1362 δοκῶ,

451 1394 616 1474 ὼδὲσπαθ’
635 1395 740 1481 Ἑρμῆ,
765 1395 819 1477 τῆς
830 1391 968 1481 Ὀπώρας
983 1392 1160 1474 κατελάσας;

334 1498 431 1566 Mero.
455 1501 514 1575 οὔκ,
537 1501 562 1563 εἴ
583 1523 614 1583 pe
636 1495 755 1563 κυκεῶν’
779 1499 892 1569 ἐπιπίοις
915 1498 1090 1584 βληχωνίαν.

191 1603 341 1681 Quattuor
363 1603 443 1671 locis
466 1603 557 1688 (Ach.
582 1605 656 1670 966.
679 1602 717 1670 Ν.
742 1605 813 1671 108.
830 1603 866 1670 V.
889 1605 961 1670 297.
985 1603 1031 1669 ΡΙ.
1056 1602 1143 1685 924.)
1167 1600 1315 1686 apodosis

191 1706 260 1772 sola
281 1708 451 1788 negatione
474 1707 641 1793 adsumpta
663 1707 873 1793 particulata
896 1708 1061 1789 formatum
1089 1707 1217 1772 verbum
1242 1724 1318 1788 sup·

192 1807 342 1892 plendum
366 1811 510 1877 intritus
532 1811 687 1895 exemplis
702 1830 765 1876 non
788 1813 926 1898 optativo
942 1809 1114 1897 praecedit
1160 1807 1318 1874 Particula

193 1914 216 1974 εἰ
238 1932 363 1997 semper
384 1913 418 1978 in
439 1913 487 1980 his
510 1913 664 2000 exemplis
686 1937 717 1998 νε
739 1914 874 1982 adscivit
896 1921 928 1981 et
950 1914 1165 1980 concessivum
1190 1931 1317 1978 sensum
1433 1963 1439 1973 .

193 2017 298 2083 habet.
347 2015 417 2082 Huc
445 2037 566 2102 quoque
600 2018 783 2085 referendus
816 2026 866 2085 est
891 2017 1086 2104 Lysistratae
1113 2035 1222 2082 versus
1257 2017 1318 2079 113

192 2141 283 2206 quem
307 2140 405 2206 supra
426 2121 640 2205 allegavimus.
685 2122 733 2189 De
755 2122 904 2209 apodosis
923 2122 1016 2188 verbo
1039 2119 1215 2207 supplendo
1233 2118 1320 2184 nulla

191 2224 294 2292 adhuc
321 2224 478 2292 dubitatio
505 2231 583 2306 erat3
612 2232 685 2292 sunt
709 2245 784 2292 vero
813 2225 875 2292 loci
903 2225 1014 2309 quibus
1043 2223 1161 2289 nullum
1190 2223 1318 2288 omnino

191 2328 319 2394 verbum
342 2329 375 2394 in
397 2328 540 2394 versibus
562 2329 616 2413 qui
637 2327 831 2397 antecedunt
852 2330 988 2415 positum
1016 2328 1068 2410 sit,
1090 2325 1132 2392 ad
1152 2325 1319 2412 apodosim

193 2430 277 2514 quod
309 2432 473 2516 pertineat
523 2431 603 2498 Aliis
635 2432 713 2500 locis
739 2434 841 2518 λέγοις,
875 2432 947 2499 aliis
973 2429 1077 2516 γένοντο
1106 2429 1244 2497 editores
1277 2427 1319 2493 ad

194 2532 414 2617 complendam
455 2533 619 2620 apodosim
661 2545 852 2622 proponunt,
894 2535 950 2603 sed
994 2541 1106 2603 neutro
1145 2554 1223 2619 opus
1261 2538 1318 2597 est.

193 2634 339 2720 Exempli
362 2636 465 2717 gratia
485 2638 578 2721 λέμις
600 2639 760 2725 supplent:

342 2738 417 2825 Lys.
441 2761 485 2806 vs.
509 2744 581 2807 399.
604 2744 629 2806 τί
651 2740 715 2828 δῆτ’
739 2743 783 2820 ἄν,
808 2746 831 2807 εἰ
853 2745 951 2807 πύθοιο
975 2743 1022 2806 καὶ
1044 2743 1097 2826 τὴν
1119 2741 1203 2804 τῶνδ’
1227 2741 1318 2828 ὕβρτν;

193 2848 314 2930 ρέναιταε
338 2844 462 2912 Thesm.
480 2865 523 2913 vs.
543 2850 614 2912 773.
637 2848 700 2913 τίδ’
713 2849 757 2926 ἂν,
771 2852 795 2912 εἰ
805 2847 868 2913 ’ταδὶ
880 2846 1040 2934 τάγάλματ’
1054 2849 1114 2913 ἀντὶ
1131 2854 1188 2911 τῶν
1202 2848 1319 2910 πλατῶν

573 2960 691 3044 ρραρων
714 2958 908 3043 διαρρίπτοιμι;

193 3056 257 3124 Sed
272 3078 344 3124 oum
366 3058 522 3125 aratione
545 3063 698 3128 sermonis
714 3063 821 3145 graeci
844 3082 907 3128 non
922 3060 1060 3126 alienum
1072 3059 1134 3148 sit,
1150 3056 1317 3137 adiectus,

193 3160 353 3243 adverbia,
387 3161 451 3226 alia
476 3162 631 3228 vocabula
661 3164 837 3250 praedicati
863 3164 933 3230 loco
967 3162 1120 3244 adhiberi,
1149 3159 1182 3227 id
1210 3161 1244 3225 in
1272 3159 1320 3224 his

193 3264 347 3351 exemplis
369 3272 507 3332 statuere
527 3265 612 3332 licet.
656 3265 726 3334 Non
748 3268 849 3351 magis
865 3267 1005 3334 Graecos
1027 3267 1163 3352 ellipsim
1185 3265 1320 3330 sensisse

193 3376 269 3455 puto
297 3389 389 3454 quam
417 3389 476 3435 nos
503 3376 674 3436 vertentes:
725 3369 794 3438 Wie
820 3370 974 3453 vollends,
1002 3369 1142 3454 erlahrst,
1162 3367 1205 3433 du
1231 3366 1320 3433 ihren

195 3491 297 3537 neuen
321 3471 435 3538 Frevel
463 3479 529 3539 erst
555 3472 738 3558 (Droysen).
782 3473 934 3542 Eiusdem
965 3473 1090 3557 generis
1113 3478 1186 3538 sunt
1207 3468 1245 3536 N.
1274 3491 1320 3537 vs.

196 3576 259 3638 154
291 3580 323 3640 et
356 3575 427 3639 769.
477 3574 567 3653 Quod
592 3595 746 3662 persaepe
772 3576 889 3644 lactum
917 3581 978 3658 est,
1005 3583 1040 3642 ut
1068 3594 1148 3659 quae
1170 3573 1321 3656 singulari

194 3676 288 3744 modo
333 3676 509 3745 dicerentur
531 3685 679 3766 corrupta
700 3686 884 3765 putarentur
906 3688 973 3746 eta
994 3679 1110 3746 criticis
1125 3677 1319 3759 tollerentur,

116 3830 121 3842 .
193 3781 291 3848 etiam
313 3781 346 3846 in
368 3780 428 3848 hac
451 3803 484 3848 re
506 3781 631 3850 accidit.
674 3782 749 3869 Lys.
773 3803 819 3851 vs.
843 3784 905 3848 307
927 3782 1079 3852 traditur:

313 3885 412 3950 οὐκοῦν
436 3888 480 3962 ἄν,
503 3889 528 3950 εἰ
549 3885 591 3950 τὼ
607 3885 659 3972 μὲν
674 3877 755 3962 ξύλω
770 3888 914 3971 θείμεσθα
937 3894 1047 3975 πρῶτον
1071 3887 1166 3963 αὐτοῦ,

309 3999 362 4078 τῆς
385 3993 514 4076 ἀμπέλου
536 3991 561 4057 δ’
574 3995 604 4065 ἐς
626 3996 679 4080 τὴν
701 3996 807 4082 χύτραν
829 3993 878 4056 τόν
902 3994 991 4082 φανὸν
1014 3995 1184 4078 ἐγκαθέντες

313 4102 438 4185 ἅψαντες
460 4096 510 4164 εἶτ’
534 4100 564 4170 ἐς
586 4099 639 4184 τὴν
661 4102 751 4189 θύραν
773 4099 886 4187 κριηδὸν
909 4100 1090 4185 ἐμπέσοιμενς

195 4201 381 4288 Blaydesius
415 4205 447 4269 in
478 4224 553 4270 voce
579 4206 679 4270 οὐκοῦν
707 4206 787 4284 (sire
819 4206 919 4268 οὔκουν
946 4206 1030 4291 quod
1058 4203 1217 4271 Brunclrio
1246 4221 1320 4269 auc-
