<?xml version="1.0" encoding="UTF-8"?>
<!DOCTYPE html PUBLIC "-//W3C//DTD XHTML 1.0 Transitional//EN"
    "http://www.w3.org/TR/xhtml1/DTD/xhtml1-transitional.dtd">
<html xmlns="http://www.w3.org/1999/xhtml" xml:lang="en" lang="en">
 <head>
  <title>
</title>
<meta http-equiv="Content-Type" content="text/html;charset=utf-8" />
  <meta name='ocr-system' content='tesseract 3.04.00' />
  <meta name='ocr-capabilities' content='ocr_page ocr_carea ocr_par ocr_line ocrx_word'/>
</head>
<body>
  <div class='ocr_page' id='page_1' title='image "./deenuntiatorumc00petrgoog_0064.png"; bbox 0 0 3082 4664; ppageno 0'>
   <div class='ocr_carea' id='block_1_1' title="bbox 646 303 854 365">
    <p class='ocr_par' dir='ltr' id='par_1_1' title="bbox 646 303 854 365">
     <span class='ocr_line' id='line_1_1' title="bbox 646 303 854 365; baseline 0 -17"><span class='ocrx_word' id='word_1_1' title='bbox 646 303 854 365; x_wconf 73' lang='lat'><strong>-53-</strong></span> 
     </span>
    </p>
   </div>
   <div class='ocr_carea' id='block_1_2' title="bbox 98 490 1374 4342">
    <p class='ocr_par' dir='ltr' id='par_1_2' title="bbox 185 490 1310 986">
     <span class='ocr_line' id='line_1_2' title="bbox 188 490 1310 576; baseline 0.002 -22"><span class='ocrx_word' id='word_1_2' title='bbox 188 513 266 576; x_wconf 80' lang='lat' dir='ltr'><strong>quae</strong></span> <span class='ocrx_word' id='word_1_3' title='bbox 290 493 371 576; x_wconf 82' lang='lat' dir='ltr'><strong>inter</strong></span> <span class='ocrx_word' id='word_1_4' title='bbox 394 511 448 556; x_wconf 88' lang='lat' dir='ltr'><strong>eas</strong></span> <span class='ocrx_word' id='word_1_5' title='bbox 472 491 644 556; x_wconf 70' lang='lat' dir='ltr'><strong>intercedit.</strong></span> <span class='ocrx_word' id='word_1_6' title='bbox 681 490 827 568; x_wconf 66' lang='lat' dir='ltr'><strong>Quamuis</strong></span> <span class='ocrx_word' id='word_1_7' title='bbox 851 497 957 557; x_wconf 71' lang='lat' dir='ltr'><strong>euntem</strong></span> <span class='ocrx_word' id='word_1_8' title='bbox 976 491 1191 576; x_wconf 76' lang='lat' dir='ltr'><strong>Aristophanis</strong></span> <span class='ocrx_word' id='word_1_9' title='bbox 1216 494 1310 556; x_wconf 87' lang='lat' dir='ltr'><strong>iuter-</strong></span> 
     </span>
     <span class='ocr_line' id='line_1_3' title="bbox 187 594 1310 679; baseline 0 -20"><span class='ocrx_word' id='word_1_10' title='bbox 187 604 290 679; x_wconf 89' lang='lat' dir='ltr'><strong>pretes</strong></span> <span class='ocrx_word' id='word_1_11' title='bbox 313 594 353 660; x_wconf 87' lang='lat' dir='ltr'><strong>de</strong></span> <span class='ocrx_word' id='word_1_12' title='bbox 376 594 485 659; x_wconf 88' lang='lat' dir='ltr'><strong>horum</strong></span> <span class='ocrx_word' id='word_1_13' title='bbox 511 595 741 659; x_wconf 84' lang='lat' dir='ltr'><strong>enuntiatorum</strong></span> <span class='ocrx_word' id='word_1_14' title='bbox 765 597 998 661; x_wconf 79' lang='lat' dir='ltr'><strong>construetione</strong></span> <span class='ocrx_word' id='word_1_15' title='bbox 1022 601 1148 659; x_wconf 82' lang='lat' dir='ltr'><strong>teneant</strong></span> <span class='ocrx_word' id='word_1_16' title='bbox 1165 605 1196 660; x_wconf 91' lang='lat' dir='ltr'><strong>et</strong></span> <span class='ocrx_word' id='word_1_17' title='bbox 1211 595 1310 660; x_wconf 85' lang='lat' dir='ltr'><strong>eritiei</strong></span> 
     </span>
     <span class='ocr_line' id='line_1_4' title="bbox 186 695 1309 782; baseline 0.001 -21"><span class='ocrx_word' id='word_1_18' title='bbox 186 695 377 778; x_wconf 85' lang='lat' dir='ltr'><strong>(Meinekius</strong></span> <span class='ocrx_word' id='word_1_19' title='bbox 400 718 476 782; x_wconf 85' lang='lat' dir='ltr'><strong>prae</strong></span> <span class='ocrx_word' id='word_1_20' title='bbox 499 697 626 779; x_wconf 79' lang='lat' dir='ltr'><strong>ceteris)</strong></span> <span class='ocrx_word' id='word_1_21' title='bbox 657 697 788 762; x_wconf 83' lang='lat' dir='ltr'><strong>alteram</strong></span> <span class='ocrx_word' id='word_1_22' title='bbox 818 699 968 782; x_wconf 85' lang='lat' dir='ltr'><strong>protasim</strong></span> <span class='ocrx_word' id='word_1_23' title='bbox 997 699 1185 764; x_wconf 88' lang='lat' dir='ltr'><strong>oonieeturis</strong></span> <span class='ocrx_word' id='word_1_24' title='bbox 1208 697 1309 762; x_wconf 90' lang='lat' dir='ltr'><strong>elimi-</strong></span> 
     </span>
     <span class='ocr_line' id='line_1_5' title="bbox 186 799 1309 888; baseline 0.004 -24"><span class='ocrx_word' id='word_1_25' title='bbox 186 801 339 883; x_wconf 84' lang='lat' dir='ltr'><strong>naverint,</strong></span> <span class='ocrx_word' id='word_1_26' title='bbox 368 807 474 865; x_wconf 86' lang='lat' dir='ltr'><strong>tamen</strong></span> <span class='ocrx_word' id='word_1_27' title='bbox 502 800 532 863; x_wconf 92' lang='lat' dir='ltr'><strong>iu</strong></span> <span class='ocrx_word' id='word_1_28' title='bbox 562 799 621 865; x_wconf 89' lang='lat' dir='ltr'><strong>hoo</strong></span> <span class='ocrx_word' id='word_1_29' title='bbox 649 820 770 884; x_wconf 90' lang='lat' dir='ltr'><strong>quoque</strong></span> <span class='ocrx_word' id='word_1_30' title='bbox 798 801 951 866; x_wconf 86' lang='lat' dir='ltr'><strong>sermonis</strong></span> <span class='ocrx_word' id='word_1_31' title='bbox 980 801 1201 888; x_wconf 86' lang='lat' dir='ltr'><strong>Aristoplranei</strong></span> <span class='ocrx_word' id='word_1_32' title='bbox 1237 823 1309 868; x_wconf 85' lang='lat' dir='ltr'><strong>usus</strong></span> 
     </span>
     <span class='ocr_line' id='line_1_6' title="bbox 185 902 656 986; baseline -0.002 -20"><span class='ocrx_word' id='word_1_33' title='bbox 185 902 298 984; x_wconf 86' lang='lat' dir='ltr'><strong>dignus</strong></span> <span class='ocrx_word' id='word_1_34' title='bbox 322 915 370 968; x_wconf 88' lang='lat' dir='ltr'><strong>est</strong></span> <span class='ocrx_word' id='word_1_35' title='bbox 392 903 443 986; x_wconf 93' lang='lat' dir='ltr'><strong>qui</strong></span> <span class='ocrx_word' id='word_1_36' title='bbox 466 903 656 968; x_wconf 80' lang='lat' dir='ltr'><strong>observetur.</strong></span> 
     </span>
    </p>

    <p class='ocr_par' dir='ltr' id='par_1_3' title="bbox 184 1005 1308 1402">
     <span class='ocr_line' id='line_1_7' title="bbox 271 1005 1306 1092; baseline 0.002 -21"><span class='ocrx_word' id='word_1_37' title='bbox 271 1007 317 1072; x_wconf 87' lang='grc' dir='ltr'><strong>Αο</strong></span> <span class='ocrx_word' id='word_1_38' title='bbox 330 1008 463 1091; x_wconf 90' lang='lat' dir='ltr'><strong>primum</strong></span> <span class='ocrx_word' id='word_1_39' title='bbox 476 1005 601 1090; x_wconf 83' lang='lat' dir='ltr'><strong>quidem</strong></span> <span class='ocrx_word' id='word_1_40' title='bbox 615 1006 749 1090; x_wconf 82' lang='lat' dir='ltr'><strong>protasis</strong></span> <span class='ocrx_word' id='word_1_41' title='bbox 762 1005 1306 1092; x_wconf 79' lang='lat' dir='ltr'><strong>repetitur‚siapo‹losissententiam</strong></span> 
     </span>
     <span class='ocr_line' id='line_1_8' title="bbox 185 1108 1307 1196; baseline 0.004 -23"><span class='ocrx_word' id='word_1_42' title='bbox 185 1110 375 1176; x_wconf 84' lang='lat' dir='ltr'><strong>contrarium</strong></span> <span class='ocrx_word' id='word_1_43' title='bbox 394 1130 431 1176; x_wconf 91' lang='lat' dir='ltr'><strong>eo</strong></span> <span class='ocrx_word' id='word_1_44' title='bbox 449 1109 549 1190; x_wconf 82' lang='lat' dir='ltr'><strong>magis</strong></span> <span class='ocrx_word' id='word_1_45' title='bbox 567 1108 759 1174; x_wconf 84' lang='lat' dir='ltr'><strong>audientium</strong></span> <span class='ocrx_word' id='word_1_46' title='bbox 773 1111 886 1175; x_wconf 88' lang='lat' dir='ltr'><strong>unimr&#39;s</strong></span> <span class='ocrx_word' id='word_1_47' title='bbox 902 1111 987 1193; x_wconf 84' lang='lat' dir='ltr'><strong>infigi</strong></span> <span class='ocrx_word' id='word_1_48' title='bbox 1004 1111 1121 1177; x_wconf 91' lang='lat' dir='ltr'><strong>volunt.</strong></span> <span class='ocrx_word' id='word_1_49' title='bbox 1149 1111 1307 1196; x_wconf 81' lang='lat' dir='ltr'>Mulieres,</span> 
     </span>
     <span class='ocr_line' id='line_1_9' title="bbox 188 1212 1308 1298; baseline 0.004 -21"><span class='ocrx_word' id='word_1_50' title='bbox 188 1233 268 1297; x_wconf 82' lang='lat' dir='ltr'><strong>quae</strong></span> <span class='ocrx_word' id='word_1_51' title='bbox 292 1214 432 1279; x_wconf 85' lang='lat' dir='ltr'><strong>eonvioia</strong></span> <span class='ocrx_word' id='word_1_52' title='bbox 454 1212 561 1294; x_wconf 83' lang='lat' dir='ltr'><strong>generi</strong></span> <span class='ocrx_word' id='word_1_53' title='bbox 583 1212 728 1278; x_wconf 85' lang='lat' dir='ltr'><strong>muliebri</strong></span> <span class='ocrx_word' id='word_1_54' title='bbox 751 1212 838 1278; x_wconf 81' lang='lat' dir='ltr'><strong>faeta</strong></span> <span class='ocrx_word' id='word_1_55' title='bbox 861 1214 1008 1296; x_wconf 85' lang='lat' dir='ltr'><strong>refutant,</strong></span> <span class='ocrx_word' id='word_1_56' title='bbox 1024 1235 1086 1281; x_wconf 93' lang='lat' dir='ltr'><strong>non</strong></span> <span class='ocrx_word' id='word_1_57' title='bbox 1102 1216 1170 1281; x_wconf 91' lang='lat' dir='ltr'><strong>sine</strong></span> <span class='ocrx_word' id='word_1_58' title='bbox 1193 1236 1308 1298; x_wconf 79' lang='lat' dir='ltr'><strong>magua</strong></span> 
     </span>
     <span class='ocr_line' id='line_1_10' title="bbox 184 1313 719 1402; baseline -0.004 -21"><span class='ocrx_word' id='word_1_59' title='bbox 184 1317 213 1381; x_wconf 89' lang='lat' dir='ltr'><strong>vi</strong></span> <span class='ocrx_word' id='word_1_60' title='bbox 236 1316 403 1402; x_wconf 90' lang='lat' dir='ltr'><strong>loquuntur</strong></span> <span class='ocrx_word' id='word_1_61' title='bbox 424 1317 472 1380; x_wconf 89' lang='lat' dir='ltr'><strong>in:</strong></span> <span class='ocrx_word' id='word_1_62' title='bbox 499 1313 554 1380; x_wconf 88' lang='lat' dir='ltr'><strong>Th.</strong></span> <span class='ocrx_word' id='word_1_63' title='bbox 579 1335 622 1380; x_wconf 85' lang='lat' dir='ltr'><strong>vs.</strong></span> <span class='ocrx_word' id='word_1_64' title='bbox 647 1316 719 1379; x_wconf 81' lang='lat'><strong>788.</strong></span> 
     </span>
    </p>

    <p class='ocr_par' dir='ltr' id='par_1_4' title="bbox 182 1417 1239 1612">
     <span class='ocr_line' id='line_1_11' title="bbox 227 1417 1239 1508; baseline 0 -23"><span class='ocrx_word' id='word_1_65' title='bbox 227 1423 251 1484; x_wconf 82' lang='grc' dir='ltr'><strong>εἰ</strong></span> <span class='ocrx_word' id='word_1_66' title='bbox 272 1425 358 1485; x_wconf 85' lang='grc' dir='ltr'>κακόν</span> <span class='ocrx_word' id='word_1_67' title='bbox 382 1422 476 1505; x_wconf 79' lang='grc' dir='ltr'>ἐσμεν,</span> <span class='ocrx_word' id='word_1_68' title='bbox 500 1421 526 1483; x_wconf 76' lang='grc' dir='ltr'>τί</span> <span class='ocrx_word' id='word_1_69' title='bbox 547 1417 660 1504; x_wconf 68' lang='grc' dir='ltr'>γαμεῖθ’</span> <span class='ocrx_word' id='word_1_70' title='bbox 674 1418 761 1503; x_wconf 75' lang='grc' dir='ltr'>ὑμεῖς,</span> <span class='ocrx_word' id='word_1_71' title='bbox 786 1420 861 1508; x_wconf 80' lang='grc' dir='ltr'>εἴπερ</span> <span class='ocrx_word' id='word_1_72' title='bbox 885 1421 1008 1505; x_wconf 74' lang='grc' dir='ltr'>ἀδηδῖος</span> <span class='ocrx_word' id='word_1_73' title='bbox 1031 1427 1118 1486; x_wconf 83' lang='grc' dir='ltr'>κακόν</span> <span class='ocrx_word' id='word_1_74' title='bbox 1141 1423 1239 1507; x_wconf 83' lang='grc' dir='ltr'>ἐσμεν;</span> 
     </span>
     <span class='ocr_line' id='line_1_12' title="bbox 182 1525 942 1612; baseline -0.001 -21"><span class='ocrx_word' id='word_1_75' title='bbox 182 1527 282 1592; x_wconf 90' lang='lat' dir='ltr'><strong>Simili</strong></span> <span class='ocrx_word' id='word_1_76' title='bbox 306 1527 346 1592; x_wconf 90' lang='lat' dir='ltr'><strong>de</strong></span> <span class='ocrx_word' id='word_1_77' title='bbox 369 1546 465 1592; x_wconf 82' lang='lat' dir='ltr'><strong>eausa</strong></span> <span class='ocrx_word' id='word_1_78' title='bbox 486 1527 620 1612; x_wconf 82' lang='lat' dir='ltr'><strong>protasis</strong></span> <span class='ocrx_word' id='word_1_79' title='bbox 643 1526 690 1591; x_wconf 91' lang='lat' dir='ltr'><strong>bis</strong></span> <span class='ocrx_word' id='word_1_80' title='bbox 712 1525 818 1611; x_wconf 84' lang='lat' dir='ltr'><strong>posita</strong></span> <span class='ocrx_word' id='word_1_81' title='bbox 841 1525 942 1591; x_wconf 86' lang='lat' dir='ltr'><strong>estin</strong></span> 
     </span>
    </p>

    <p class='ocr_par' dir='ltr' id='par_1_5' title="bbox 334 1628 1059 1714">
     <span class='ocr_line' id='line_1_13' title="bbox 334 1628 1059 1714; baseline -0.001 -19"><span class='ocrx_word' id='word_1_82' title='bbox 334 1629 419 1696; x_wconf 83' lang='lat' dir='ltr'><strong>Eucl.</strong></span> <span class='ocrx_word' id='word_1_83' title='bbox 445 1650 487 1696; x_wconf 87' lang='lat' dir='ltr'><strong>vs.</strong></span> <span class='ocrx_word' id='word_1_84' title='bbox 512 1630 583 1695; x_wconf 81' lang='lat'>218.</span> <span class='ocrx_word' id='word_1_85' title='bbox 709 1630 728 1714; x_wconf 84' lang='grc' dir='ltr'>ἡ</span> <span class='ocrx_word' id='word_1_86' title='bbox 752 1628 777 1692; x_wconf 93' lang='grc' dir='ltr'><strong>δ’</strong></span> <span class='ocrx_word' id='word_1_87' title='bbox 791 1629 956 1713; x_wconf 73' lang='grc' dir='ltr'>Ἀθηναίων</span> <span class='ocrx_word' id='word_1_88' title='bbox 979 1631 1059 1701; x_wconf 66' lang='grc' dir='ltr'>πτολις</span> 
     </span>
    </p>

    <p class='ocr_par' dir='ltr' id='par_1_6' title="bbox 385 1735 1046 1824">
     <span class='ocr_line' id='line_1_14' title="bbox 385 1735 1046 1824; baseline 0.002 -25"><span class='ocrx_word' id='word_1_89' title='bbox 385 1737 409 1799; x_wconf 85' lang='grc' dir='ltr'><strong>εἰ</strong></span> <span class='ocrx_word' id='word_1_90' title='bbox 430 1743 512 1800; x_wconf 82' lang='grc' dir='ltr'>τοῦτο</span> <span class='ocrx_word' id='word_1_91' title='bbox 535 1741 670 1824; x_wconf 80' lang='grc' dir='ltr'>χρηστῶς</span> <span class='ocrx_word' id='word_1_92' title='bbox 692 1736 776 1821; x_wconf 81' lang='grc' dir='ltr'>εἶχεν,</span> <span class='ocrx_word' id='word_1_93' title='bbox 793 1735 843 1799; x_wconf 77' lang='grc' dir='ltr'><strong>οὐκ</strong></span> <span class='ocrx_word' id='word_1_94' title='bbox 858 1738 892 1799; x_wconf 85' lang='grc' dir='ltr'><strong>ἂν</strong></span> <span class='ocrx_word' id='word_1_95' title='bbox 908 1735 1046 1813; x_wconf 68' lang='grc' dir='ltr'>ἐσώζετο,</span> 
     </span>
    </p>

    <p class='ocr_par' dir='ltr' id='par_1_7' title="bbox 98 1842 1374 2868">
     <span class='ocr_line' id='line_1_15' title="bbox 385 1842 975 1930; baseline -0.003 -24"><span class='ocrx_word' id='word_1_96' title='bbox 385 1845 409 1907; x_wconf 82' lang='grc' dir='ltr'><strong>εἰ</strong></span> <span class='ocrx_word' id='word_1_97' title='bbox 430 1847 471 1929; x_wconf 78' lang='grc' dir='ltr'><strong>μή</strong></span> <span class='ocrx_word' id='word_1_98' title='bbox 494 1864 519 1905; x_wconf 88' lang='grc' dir='ltr'>τι</span> <span class='ocrx_word' id='word_1_99' title='bbox 540 1842 633 1905; x_wconf 88' lang='grc' dir='ltr'>καινὸν</span> <span class='ocrx_word' id='word_1_100' title='bbox 657 1842 732 1905; x_wconf 81' lang='grc' dir='ltr'>ἄλλο</span> <span class='ocrx_word' id='word_1_101' title='bbox 754 1847 975 1930; x_wconf 69' lang='grc' dir='ltr'>πεφιειφχάζετο;</span> 
     </span>
     <span class='ocr_line' id='line_1_16' title="bbox 181 1946 1302 2028; baseline -0.002 -14"><span class='ocrx_word' id='word_1_102' title='bbox 181 1948 361 2014; x_wconf 84' lang='lat' dir='ltr'><strong>Certissime</strong></span> <span class='ocrx_word' id='word_1_103' title='bbox 395 1949 468 2012; x_wconf 87' lang='lat' dir='ltr'><strong>urbs</strong></span> <span class='ocrx_word' id='word_1_104' title='bbox 502 1953 687 2025; x_wconf 85' lang='lat' dir='ltr'><strong>servaretur,</strong></span> <span class='ocrx_word' id='word_1_105' title='bbox 723 1946 902 2028; x_wconf 82' lang='lat' dir='ltr'><strong>Praxagora</strong></span> <span class='ocrx_word' id='word_1_106' title='bbox 936 1953 1054 2028; x_wconf 84' lang='lat' dir='ltr'><strong>oeuset,</strong></span> <span class='ocrx_word' id='word_1_107' title='bbox 1081 1948 1106 2014; x_wconf 85' lang='lat' dir='ltr'><strong>si</strong></span> <span class='ocrx_word' id='word_1_108' title='bbox 1138 1947 1302 2012; x_wconf 87' lang='lat' dir='ltr'><strong>mulierum</strong></span> 
     </span>
     <span class='ocr_line' id='line_1_17' title="bbox 179 2050 1302 2135; baseline -0.002 -17"><span class='ocrx_word' id='word_1_109' title='bbox 179 2073 298 2118; x_wconf 92' lang='lat' dir='ltr'><strong>morem</strong></span> <span class='ocrx_word' id='word_1_110' title='bbox 320 2061 444 2117; x_wconf 89' lang='lat' dir='ltr'><strong>teneret</strong></span> <span class='ocrx_word' id='word_1_111' title='bbox 465 2071 567 2133; x_wconf 87' lang='lat' dir='ltr'><strong>nequo</strong></span> <span class='ocrx_word' id='word_1_112' title='bbox 590 2070 715 2135; x_wconf 87' lang='lat' dir='ltr'><strong>semper</strong></span> <span class='ocrx_word' id='word_1_113' title='bbox 739 2070 890 2115; x_wconf 87' lang='lat' dir='ltr'><strong>novarum</strong></span> <span class='ocrx_word' id='word_1_114' title='bbox 913 2070 1015 2114; x_wconf 90' lang='lat' dir='ltr'><strong>rerum</strong></span> <span class='ocrx_word' id='word_1_115' title='bbox 1039 2050 1183 2116; x_wconf 82' lang='lat' dir='ltr'><strong>studiosa</strong></span> <span class='ocrx_word' id='word_1_116' title='bbox 1205 2062 1302 2134; x_wconf 88' lang='lat' dir='ltr'><strong>esset;</strong></span> 
     </span>
     <span class='ocr_line' id='line_1_18' title="bbox 179 2153 1302 2240; baseline 0 -20"><span class='ocrx_word' id='word_1_117' title='bbox 179 2176 349 2240; x_wconf 88' lang='lat' dir='ltr'><strong>pronomen</strong></span> <span class='ocrx_word' id='word_1_118' title='bbox 372 2161 453 2219; x_wconf 82' lang='grc' dir='ltr'>τοῦτο</span> <span class='ocrx_word' id='word_1_119' title='bbox 477 2175 547 2221; x_wconf 84' lang='lat' dir='ltr'><strong>oum</strong></span> <span class='ocrx_word' id='word_1_120' title='bbox 570 2167 697 2239; x_wconf 91' lang='lat' dir='ltr'><strong>propter</strong></span> <span class='ocrx_word' id='word_1_121' title='bbox 711 2153 890 2238; x_wconf 86' lang='lat' dir='ltr'><strong>oppositum</strong></span> <span class='ocrx_word' id='word_1_122' title='bbox 906 2154 981 2217; x_wconf 78' lang='grc' dir='ltr'>ἄλλο</span> <span class='ocrx_word' id='word_1_123' title='bbox 997 2161 1061 2218; x_wconf 91' lang='lat' dir='ltr'><strong>tum</strong></span> <span class='ocrx_word' id='word_1_124' title='bbox 1075 2161 1203 2238; x_wconf 89' lang='lat' dir='ltr'><strong>propter</strong></span> <span class='ocrx_word' id='word_1_125' title='bbox 1218 2175 1302 2220; x_wconf 89' lang='lat' dir='ltr'><strong>oom-</strong></span> 
     </span>
     <span class='ocr_line' id='line_1_19' title="bbox 179 2259 1302 2347; baseline -0.002 -20"><span class='ocrx_word' id='word_1_126' title='bbox 179 2263 374 2346; x_wconf 83' lang='lat' dir='ltr'><strong>parutionem</strong></span> <span class='ocrx_word' id='word_1_127' title='bbox 400 2262 558 2346; x_wconf 85' lang='lat' dir='ltr'><strong>iuueptam</strong></span> <span class='ocrx_word' id='word_1_128' title='bbox 588 2260 677 2341; x_wconf 82' lang='grc' dir='ltr'>(κατὰ</span> <span class='ocrx_word' id='word_1_129' title='bbox 704 2259 751 2322; x_wconf 87' lang='grc' dir='ltr'>τὸν</span> <span class='ocrx_word' id='word_1_130' title='bbox 780 2262 896 2347; x_wconf 81' lang='grc' dir='ltr'>ἀρχαῖον</span> <span class='ocrx_word' id='word_1_131' title='bbox 923 2263 1008 2342; x_wconf 75' lang='grc' dir='ltr'>νόμον</span> <span class='ocrx_word' id='word_1_132' title='bbox 1037 2277 1080 2324; x_wconf 86' lang='lat' dir='ltr'><strong>vs.</strong></span> <span class='ocrx_word' id='word_1_133' title='bbox 1103 2259 1194 2341; x_wconf 80' lang='lat'><strong>216.)</strong></span> <span class='ocrx_word' id='word_1_134' title='bbox 1217 2260 1302 2325; x_wconf 93' lang='lat' dir='ltr'><strong>nullo</strong></span> 
     </span>
     <span class='ocr_line' id='line_1_20' title="bbox 98 2360 1302 2448; baseline 0.002 -21"><span class='ocrx_word' id='word_1_135' title='bbox 98 2383 100 2388; x_wconf 86' lang='lat'><em>·</em></span> <span class='ocrx_word' id='word_1_136' title='bbox 179 2367 271 2432; x_wconf 90' lang='lat' dir='ltr'><strong>modo</strong></span> <span class='ocrx_word' id='word_1_137' title='bbox 287 2365 485 2432; x_wconf 78' lang='lat' dir='ltr'><strong>abiciendum</strong></span> <span class='ocrx_word' id='word_1_138' title='bbox 502 2369 551 2431; x_wconf 85' lang='lat' dir='ltr'><strong>est</strong></span> <span class='ocrx_word' id='word_1_139' title='bbox 566 2365 632 2430; x_wconf 88' lang='lat' dir='ltr'><strong>sive</strong></span> <span class='ocrx_word' id='word_1_140' title='bbox 648 2363 830 2429; x_wconf 86' lang='lat' dir='ltr'><strong>mutandum</strong></span> <span class='ocrx_word' id='word_1_141' title='bbox 848 2366 878 2429; x_wconf 88' lang='lat' dir='ltr'><strong>in</strong></span> <span class='ocrx_word' id='word_1_142' title='bbox 901 2366 953 2428; x_wconf 82' lang='grc' dir='ltr'><strong>που</strong></span> <span class='ocrx_word' id='word_1_143' title='bbox 976 2387 1010 2439; x_wconf 86' lang='grc' dir='ltr'>τι,</span> <span class='ocrx_word' id='word_1_144' title='bbox 1033 2360 1117 2448; x_wconf 88' lang='lat' dir='ltr'><strong>quod</strong></span> <span class='ocrx_word' id='word_1_145' title='bbox 1141 2361 1302 2429; x_wconf 84' lang='lat' dir='ltr'><strong>Dobreeus</strong></span> 
     </span>
     <span class='ocr_line' id='line_1_21' title="bbox 179 2468 1303 2554; baseline 0.002 -22"><span class='ocrx_word' id='word_1_146' title='bbox 179 2477 210 2532; x_wconf 91' lang='lat' dir='ltr'><strong>et</strong></span> <span class='ocrx_word' id='word_1_147' title='bbox 236 2468 411 2536; x_wconf 87' lang='lat' dir='ltr'><strong>Meinekius</strong></span> <span class='ocrx_word' id='word_1_148' title='bbox 438 2471 609 2537; x_wconf 85' lang='lat' dir='ltr'><strong>voluerunt.</strong></span> <span class='ocrx_word' id='word_1_149' title='bbox 655 2468 915 2535; x_wconf 80' lang='lat' dir='ltr'><strong>Adhortetiouem</strong></span> <span class='ocrx_word' id='word_1_150' title='bbox 943 2470 1075 2554; x_wconf 79' lang='lat' dir='ltr'><strong>positive</strong></span> <span class='ocrx_word' id='word_1_151' title='bbox 1099 2475 1131 2534; x_wconf 89' lang='lat' dir='ltr'><strong>et</strong></span> <span class='ocrx_word' id='word_1_152' title='bbox 1159 2470 1303 2550; x_wconf 83' lang='lat' dir='ltr'><strong>negative</strong></span> 
     </span>
     <span class='ocr_line' id='line_1_22' title="bbox 178 2571 1374 2657; baseline -0.002 -21"><span class='ocrx_word' id='word_1_153' title='bbox 178 2574 412 2656; x_wconf 84' lang='lat' dir='ltr'><strong>pronuntiatam</strong></span> <span class='ocrx_word' id='word_1_154' title='bbox 436 2575 552 2639; x_wconf 85' lang='lat' dir='ltr'><strong>maiore</strong></span> <span class='ocrx_word' id='word_1_155' title='bbox 576 2576 605 2638; x_wconf 90' lang='lat' dir='ltr'><strong>vi</strong></span> <span class='ocrx_word' id='word_1_156' title='bbox 633 2592 703 2639; x_wconf 86' lang='lat' dir='ltr'><strong>esse</strong></span> <span class='ocrx_word' id='word_1_157' title='bbox 723 2574 824 2657; x_wconf 90' lang='lat' dir='ltr'><strong>quivis</strong></span> <span class='ocrx_word' id='word_1_158' title='bbox 843 2573 1005 2656; x_wconf 87' lang='lat' dir='ltr'><strong>intellegit.</strong></span> <span class='ocrx_word' id='word_1_159' title='bbox 1051 2571 1187 2642; x_wconf 86' lang='lat' dir='ltr'><strong>Tertium</strong></span> <span class='ocrx_word' id='word_1_160' title='bbox 1211 2571 1302 2638; x_wconf 84' lang='lat' dir='ltr'><strong>huius</strong></span> <span class='ocrx_word' id='word_1_161' title='bbox 1371 2625 1374 2634; x_wconf 80' lang='grc'>,</span> 
     </span>
     <span class='ocr_line' id='line_1_23' title="bbox 177 2675 645 2761; baseline 0.006 -21"><span class='ocrx_word' id='word_1_162' title='bbox 177 2675 263 2742; x_wconf 88' lang='lat' dir='ltr'><strong>modi</strong></span> <span class='ocrx_word' id='word_1_163' title='bbox 285 2676 464 2761; x_wconf 84' lang='lat' dir='ltr'><strong>exemplum</strong></span> <span class='ocrx_word' id='word_1_164' title='bbox 488 2683 592 2744; x_wconf 78' lang='lat' dir='ltr'><strong>exstat</strong></span> <span class='ocrx_word' id='word_1_165' title='bbox 612 2678 645 2743; x_wconf 92' lang='lat' dir='ltr'><strong>in</strong></span> 
     </span>
     <span class='ocr_line' id='line_1_24' title="bbox 178 2769 1095 2868; baseline 0.002 -26"><span class='ocrx_word' id='word_1_166' title='bbox 178 2777 212 2844; x_wconf 87' lang='lat' dir='ltr'><strong>R.</strong></span> <span class='ocrx_word' id='word_1_167' title='bbox 236 2801 280 2846; x_wconf 89' lang='lat' dir='ltr'><strong>vs.</strong></span> <span class='ocrx_word' id='word_1_168' title='bbox 305 2780 376 2844; x_wconf 81' lang='lat'><strong>736.</strong></span> <span class='ocrx_word' id='word_1_169' title='bbox 400 2783 452 2843; x_wconf 86' lang='grc' dir='ltr'><strong>κᾶν</strong></span> <span class='ocrx_word' id='word_1_170' title='bbox 474 2801 499 2842; x_wconf 89' lang='grc' dir='ltr'>τι</span> <span class='ocrx_word' id='word_1_171' title='bbox 521 2778 658 2868; x_wconf 81' lang='grc' dir='ltr'>σφαλῆτ’,</span> <span class='ocrx_word' id='word_1_172' title='bbox 682 2769 715 2853; x_wconf 72' lang='grc' dir='ltr'><strong>ἐξ</strong></span> <span class='ocrx_word' id='word_1_173' title='bbox 738 2769 817 2854; x_wconf 77' lang='grc' dir='ltr'>ἀξίου</span> <span class='ocrx_word' id='word_1_174' title='bbox 839 2788 903 2865; x_wconf 79' lang='grc' dir='ltr'>χοῦν</span> <span class='ocrx_word' id='word_1_175' title='bbox 926 2788 975 2845; x_wconf 82' lang='grc' dir='ltr'>τοῦ</span> <span class='ocrx_word' id='word_1_176' title='bbox 998 2772 1095 2856; x_wconf 74' lang='grc' dir='ltr'>ξύλου,</span> 
     </span>
    </p>

    <p class='ocr_par' dir='ltr' id='par_1_8' title="bbox 176 2886 1300 3385">
     <span class='ocr_line' id='line_1_25' title="bbox 201 2886 1211 2974; baseline 0.001 -25"><span class='ocrx_word' id='word_1_177' title='bbox 201 2889 211 2905; x_wconf 83' lang='grc'>’</span> <span class='ocrx_word' id='word_1_178' title='bbox 393 2887 429 2971; x_wconf 79' lang='grc' dir='ltr'><strong>ην</strong></span> <span class='ocrx_word' id='word_1_179' title='bbox 452 2909 476 2950; x_wconf 93' lang='grc' dir='ltr'>τι</span> <span class='ocrx_word' id='word_1_180' title='bbox 498 2886 545 2949; x_wconf 81' lang='grc' dir='ltr'><strong>καὶ</strong></span> <span class='ocrx_word' id='word_1_181' title='bbox 566 2893 705 2974; x_wconf 77' lang='grc' dir='ltr'>πάσχητε,</span> <span class='ocrx_word' id='word_1_182' title='bbox 729 2893 845 2973; x_wconf 75' lang='grc' dir='ltr'>πάσχειν</span> <span class='ocrx_word' id='word_1_183' title='bbox 868 2895 925 2958; x_wconf 88' lang='grc' dir='ltr'>τοῖς</span> <span class='ocrx_word' id='word_1_184' title='bbox 947 2895 1046 2974; x_wconf 78' lang='grc' dir='ltr'>σοφοῖς</span> <span class='ocrx_word' id='word_1_185' title='bbox 1067 2889 1211 2972; x_wconf 76' lang='grc' dir='ltr'>δοκήσετε.</span> 
     </span>
     <span class='ocr_line' id='line_1_26' title="bbox 178 2989 1300 3079; baseline 0 -25"><span class='ocrx_word' id='word_1_186' title='bbox 178 2989 255 3055; x_wconf 82' lang='lat' dir='ltr'><strong>Cum</strong></span> <span class='ocrx_word' id='word_1_187' title='bbox 295 3013 358 3056; x_wconf 82' lang='lat' dir='ltr'><strong>una</strong></span> <span class='ocrx_word' id='word_1_188' title='bbox 394 2991 524 3077; x_wconf 84' lang='lat' dir='ltr'><strong>epodosi</strong></span> <span class='ocrx_word' id='word_1_189' title='bbox 561 2999 705 3077; x_wconf 82' lang='lat' dir='ltr'><strong>proteses</strong></span> <span class='ocrx_word' id='word_1_190' title='bbox 739 2992 821 3058; x_wconf 85' lang='lat' dir='ltr'><strong>duee</strong></span> <span class='ocrx_word' id='word_1_191' title='bbox 855 2993 981 3078; x_wconf 85' lang='lat' dir='ltr'><strong>saepius</strong></span> <span class='ocrx_word' id='word_1_192' title='bbox 1015 2993 1182 3079; x_wconf 83' lang='lat' dir='ltr'><strong>oopuletee</strong></span> <span class='ocrx_word' id='word_1_193' title='bbox 1219 2999 1300 3072; x_wconf 89' lang='lat' dir='ltr'><strong>sunt,</strong></span> 
     </span>
     <span class='ocr_line' id='line_1_27' title="bbox 176 3094 1299 3178; baseline 0 -19"><span class='ocrx_word' id='word_1_194' title='bbox 176 3115 305 3178; x_wconf 82' lang='lat' dir='ltr'><strong>quarum</strong></span> <span class='ocrx_word' id='word_1_195' title='bbox 344 3095 444 3160; x_wconf 84' lang='lat' dir='ltr'><strong>altere</strong></span> <span class='ocrx_word' id='word_1_196' title='bbox 481 3097 638 3161; x_wconf 85' lang='lat' dir='ltr'><strong>sententia</strong></span> <span class='ocrx_word' id='word_1_197' title='bbox 675 3097 829 3177; x_wconf 83' lang='lat' dir='ltr'><strong>universe,</strong></span> <span class='ocrx_word' id='word_1_198' title='bbox 867 3095 967 3161; x_wconf 86' lang='lat' dir='ltr'><strong>altere</strong></span> <span class='ocrx_word' id='word_1_199' title='bbox 1004 3095 1171 3176; x_wconf 81' lang='lat' dir='ltr'><strong>singularis</strong></span> <span class='ocrx_word' id='word_1_200' title='bbox 1209 3094 1299 3159; x_wconf 89' lang='lat' dir='ltr'><strong>huius</strong></span> 
     </span>
     <span class='ocr_line' id='line_1_28' title="bbox 176 3197 1298 3283; baseline -0.001 -21"><span class='ocrx_word' id='word_1_201' title='bbox 176 3199 305 3265; x_wconf 88' lang='lat' dir='ltr'><strong>rationis</strong></span> <span class='ocrx_word' id='word_1_202' title='bbox 322 3197 492 3283; x_wconf 77' lang='lat' dir='ltr'><strong>descriptio</strong></span> <span class='ocrx_word' id='word_1_203' title='bbox 508 3199 696 3264; x_wconf 82' lang='lat' dir='ltr'><strong>continetur.</strong></span> <span class='ocrx_word' id='word_1_204' title='bbox 732 3197 799 3264; x_wconf 87' lang='lat' dir='ltr'><strong>Huo</strong></span> <span class='ocrx_word' id='word_1_205' title='bbox 814 3197 997 3265; x_wconf 87' lang='lat' dir='ltr'><strong>referendus</strong></span> <span class='ocrx_word' id='word_1_206' title='bbox 1013 3204 1063 3264; x_wconf 85' lang='lat' dir='ltr'><strong>est</strong></span> <span class='ocrx_word' id='word_1_207' title='bbox 1078 3199 1298 3265; x_wconf 83' lang='lat' dir='ltr'><strong>vexatissimus</strong></span> 
     </span>
     <span class='ocr_line' id='line_1_29' title="bbox 176 3300 445 3385; baseline 0.004 -19"><span class='ocrx_word' id='word_1_208' title='bbox 176 3300 319 3385; x_wconf 83' lang='lat' dir='ltr'><strong>Equitum</strong></span> <span class='ocrx_word' id='word_1_209' title='bbox 344 3302 445 3369; x_wconf 83' lang='lat' dir='ltr'><strong>loeus:</strong></span> 
     </span>
    </p>

    <p class='ocr_par' dir='ltr' id='par_1_9' title="bbox 169 3403 1295 4342">
     <span class='ocr_line' id='line_1_30' title="bbox 327 3403 909 3492; baseline 0 -22"><span class='ocrx_word' id='word_1_210' title='bbox 327 3427 371 3472; x_wconf 91' lang='lat' dir='ltr'><strong>vs.</strong></span> <span class='ocrx_word' id='word_1_211' title='bbox 396 3408 488 3471; x_wconf 85' lang='lat'>1131.</span> <span class='ocrx_word' id='word_1_212' title='bbox 512 3406 606 3492; x_wconf 85' lang='grc' dir='ltr'>χοῦτω</span> <span class='ocrx_word' id='word_1_213' title='bbox 629 3403 680 3488; x_wconf 76' lang='grc' dir='ltr'><strong>μὲν</strong></span> <span class='ocrx_word' id='word_1_214' title='bbox 703 3408 737 3468; x_wconf 84' lang='grc' dir='ltr'><strong>ἂν</strong></span> <span class='ocrx_word' id='word_1_215' title='bbox 761 3405 791 3468; x_wconf 83' lang='grc' dir='ltr'><strong>εδ</strong></span> <span class='ocrx_word' id='word_1_216' title='bbox 814 3415 909 3483; x_wconf 85' lang='grc' dir='ltr'>ποιοῖς,</span> 
     </span>
     <span class='ocr_line' id='line_1_31' title="bbox 243 3495 875 3595; baseline 0.003 -21"><span class='ocrx_word' id='word_1_217' title='bbox 243 3495 249 3510; x_wconf 64' lang='grc'>’</span> <span class='ocrx_word' id='word_1_218' title='bbox 514 3512 538 3574; x_wconf 83' lang='grc' dir='ltr'><strong>εἴ</strong></span> <span class='ocrx_word' id='word_1_219' title='bbox 560 3534 601 3574; x_wconf 90' lang='grc' dir='ltr'><strong>σοι</strong></span> <span class='ocrx_word' id='word_1_220' title='bbox 624 3514 764 3595; x_wconf 84' lang='grc' dir='ltr'>πυκνότης</span> <span class='ocrx_word' id='word_1_221' title='bbox 786 3511 875 3576; x_wconf 81' lang='grc' dir='ltr'>ἔνεστ’</span> 
     </span>
     <span class='ocr_line' id='line_1_32' title="bbox 512 3616 918 3705; baseline 0 -25"><span class='ocrx_word' id='word_1_222' title='bbox 512 3617 542 3680; x_wconf 84' lang='grc' dir='ltr'><strong>ἐν</strong></span> <span class='ocrx_word' id='word_1_223' title='bbox 564 3617 605 3704; x_wconf 77' lang='grc' dir='ltr'>τῷ</span> <span class='ocrx_word' id='word_1_224' title='bbox 626 3621 730 3705; x_wconf 80' lang='grc' dir='ltr'>τρόπῳ,</span> <span class='ocrx_word' id='word_1_225' title='bbox 755 3616 796 3688; x_wconf 82' lang='grc' dir='ltr'><strong>ὡς</strong></span> <span class='ocrx_word' id='word_1_226' title='bbox 817 3618 918 3702; x_wconf 79' lang='grc' dir='ltr'>λέχεις,</span> 
     </span>
     <span class='ocr_line' id='line_1_33' title="bbox 511 3723 825 3810; baseline -0.003 -23"><span class='ocrx_word' id='word_1_227' title='bbox 511 3725 601 3810; x_wconf 81' lang='grc' dir='ltr'>τούτῳ</span> <span class='ocrx_word' id='word_1_228' title='bbox 623 3730 695 3787; x_wconf 83' lang='grc' dir='ltr'>πάνυ</span> <span class='ocrx_word' id='word_1_229' title='bbox 718 3723 825 3808; x_wconf 81' lang='grc' dir='ltr'>πολλὴ,</span> 
     </span>
     <span class='ocr_line' id='line_1_34' title="bbox 513 3826 867 3913; baseline -0.003 -20"><span class='ocrx_word' id='word_1_230' title='bbox 513 3831 537 3893; x_wconf 84' lang='grc' dir='ltr'><strong>εἰ</strong></span> <span class='ocrx_word' id='word_1_231' title='bbox 559 3826 649 3900; x_wconf 84' lang='grc' dir='ltr'>τοόςδ’</span> <span class='ocrx_word' id='word_1_232' title='bbox 662 3830 790 3913; x_wconf 82' lang='grc' dir='ltr'>ἐπίτηδες</span> <span class='ocrx_word' id='word_1_233' title='bbox 813 3829 867 3900; x_wconf 81' lang='grc' dir='ltr'><strong>ὥς·</strong></span> 
     </span>
     <span class='ocr_line' id='line_1_35' title="bbox 509 3938 867 4026; baseline 0 -26"><span class='ocrx_word' id='word_1_234' title='bbox 509 3959 560 4025; x_wconf 81' lang='grc' dir='ltr'><strong>περ</strong></span> <span class='ocrx_word' id='word_1_235' title='bbox 582 3938 735 4021; x_wconf 76' lang='grc' dir='ltr'>δημοσίους</span> <span class='ocrx_word' id='word_1_236' title='bbox 756 3939 867 4026; x_wconf 78' lang='grc' dir='ltr'>τρέφεις</span> 
     </span>
     <span class='ocr_line' id='line_1_36' title="bbox 432 4040 1061 4129; baseline -0.006 -22"><span class='ocrx_word' id='word_1_237' title='bbox 432 4040 437 4050; x_wconf 86' lang='grc'>’</span> <span class='ocrx_word' id='word_1_238' title='bbox 510 4043 540 4107; x_wconf 82' lang='grc' dir='ltr'><strong>ἐν</strong></span> <span class='ocrx_word' id='word_1_239' title='bbox 562 4042 601 4128; x_wconf 73' lang='grc' dir='ltr'>τῇ</span> <span class='ocrx_word' id='word_1_240' title='bbox 623 4043 712 4121; x_wconf 69' lang='grc' dir='ltr'>πυκνὶ,</span> <span class='ocrx_word' id='word_1_241' title='bbox 735 4041 804 4129; x_wconf 71' lang='grc' dir='ltr'><strong>κᾷθ’</strong></span> <span class='ocrx_word' id='word_1_242' title='bbox 829 4092 836 4107; x_wconf 95' lang='grc'><strong><em>.</em></strong></span> <span class='ocrx_word' id='word_1_243' title='bbox 861 4091 869 4106; x_wconf 90' lang='grc'><strong>.</strong></span> <span class='ocrx_word' id='word_1_244' title='bbox 894 4042 1061 4111; x_wconf 74' lang='grc' dir='ltr'>ἐπιδειπνεῖς.</span> 
     </span>
     <span class='ocr_line' id='line_1_37' title="bbox 172 4145 1293 4235; baseline -0.002 -23"><span class='ocrx_word' id='word_1_245' title='bbox 172 4145 347 4214; x_wconf 85' lang='lat' dir='ltr'><strong>Meiuekius</strong></span> <span class='ocrx_word' id='word_1_246' title='bbox 364 4170 408 4214; x_wconf 90' lang='lat' dir='ltr'><strong>vs.</strong></span> <span class='ocrx_word' id='word_1_247' title='bbox 426 4151 507 4214; x_wconf 87' lang='lat'>1131</span> <span class='ocrx_word' id='word_1_248' title='bbox 532 4157 563 4216; x_wconf 89' lang='lat' dir='ltr'><strong>et</strong></span> <span class='ocrx_word' id='word_1_249' title='bbox 581 4151 664 4214; x_wconf 84' lang='lat'>1132</span> <span class='ocrx_word' id='word_1_250' title='bbox 680 4151 726 4216; x_wconf 85' lang='lat' dir='ltr'><strong>sio</strong></span> <span class='ocrx_word' id='word_1_251' title='bbox 748 4151 851 4235; x_wconf 88' lang='lat' dir='ltr'><strong>potius</strong></span> <span class='ocrx_word' id='word_1_252' title='bbox 875 4146 1058 4214; x_wconf 87' lang='lat' dir='ltr'><strong>scribendos</strong></span> <span class='ocrx_word' id='word_1_253' title='bbox 1081 4167 1150 4213; x_wconf 86' lang='lat' dir='ltr'><strong>esse</strong></span> <span class='ocrx_word' id='word_1_254' title='bbox 1174 4156 1293 4212; x_wconf 78' lang='lat' dir='ltr'><strong>conset:</strong></span> 
     </span>
     <span class='ocr_line' id='line_1_38' title="bbox 169 4249 1295 4342; baseline -0.001 -27"><span class='ocrx_word' id='word_1_255' title='bbox 169 4253 263 4338; x_wconf 79' lang='grc' dir='ltr'>χοῦτω</span> <span class='ocrx_word' id='word_1_256' title='bbox 299 4251 349 4335; x_wconf 84' lang='grc' dir='ltr'><strong>μὲν</strong></span> <span class='ocrx_word' id='word_1_257' title='bbox 384 4253 473 4342; x_wconf 84' lang='grc' dir='ltr'><strong>ἄφέδ</strong></span> <span class='ocrx_word' id='word_1_258' title='bbox 507 4262 590 4324; x_wconf 86' lang='grc' dir='ltr'>ποιεῖς</span> <span class='ocrx_word' id='word_1_259' title='bbox 613 4255 658 4339; x_wconf 61' lang='lat' dir='ltr'><strong>”i</strong></span> <span class='ocrx_word' id='word_1_260' title='bbox 693 4276 735 4317; x_wconf 93' lang='grc' dir='ltr'><strong>σοι</strong></span> <span class='ocrx_word' id='word_1_261' title='bbox 757 4258 897 4339; x_wconf 80' lang='grc' dir='ltr'>πυκνότης</span> <span class='ocrx_word' id='word_1_262' title='bbox 931 4250 1020 4316; x_wconf 86' lang='grc' dir='ltr'>ἔνεστ’</span> <span class='ocrx_word' id='word_1_263' title='bbox 1033 4252 1095 4315; x_wconf 81' lang='grc' dir='ltr'>κτλ.</span> <span class='ocrx_word' id='word_1_264' title='bbox 1143 4249 1295 4316; x_wconf 73' lang='lat' dir='ltr'><strong>Velsenus</strong></span> 
     </span>
    </p>
   </div>
   <div class='ocr_carea' id='block_1_3' title="bbox 0 0 1546 4664">
    <p class='ocr_par' dir='ltr' id='par_1_10' title="bbox 0 0 1546 4664">
     <span class='ocr_line' id='line_1_39' title="bbox 0 0 1546 4664; baseline 0 5"><span class='ocrx_word' id='word_1_265' title='bbox 0 0 1546 4664; x_wconf 95' lang='lat' dir='ltr'><strong> </strong></span> 
     </span>
    </p>
   </div>
  </div>
 </body>
</html>
