<?xml version="1.0" encoding="UTF-8"?>
<!DOCTYPE html PUBLIC "-//W3C//DTD XHTML 1.0 Transitional//EN"
    "http://www.w3.org/TR/xhtml1/DTD/xhtml1-transitional.dtd">
<html xmlns="http://www.w3.org/1999/xhtml" xml:lang="en" lang="en">
 <head>
  <title>
</title>
<meta http-equiv="Content-Type" content="text/html;charset=utf-8" />
  <meta name='ocr-system' content='tesseract 3.04.00' />
  <meta name='ocr-capabilities' content='ocr_page ocr_carea ocr_par ocr_line ocrx_word'/>
</head>
<body>
  <div class='ocr_page' id='page_1' title='image "./deenuntiatorumc00petrgoog_0056.png"; bbox 0 0 3082 4664; ppageno 0'>
   <div class='ocr_carea' id='block_1_1' title="bbox 623 301 835 363">
    <p class='ocr_par' dir='ltr' id='par_1_1' title="bbox 623 301 835 363">
     <span class='ocr_line' id='line_1_1' title="bbox 623 301 835 363; baseline -0.005 -18"><span class='ocrx_word' id='word_1_1' title='bbox 623 301 835 363; x_wconf 73' lang='grc'>,45-</span> 
     </span>
    </p>
   </div>
   <div class='ocr_carea' id='block_1_2' title="bbox 166 484 1290 989">
    <p class='ocr_par' dir='ltr' id='par_1_2' title="bbox 166 484 1290 989">
     <span class='ocr_line' id='line_1_2' title="bbox 169 484 1288 573; baseline -0.002 -20"><span class='ocrx_word' id='word_1_2' title='bbox 169 507 269 573; x_wconf 89' lang='lat' dir='ltr'>neque</span> <span class='ocrx_word' id='word_1_3' title='bbox 287 489 484 569; x_wconf 85' lang='lat' dir='ltr'>¹criticorum,</span> <span class='ocrx_word' id='word_1_4' title='bbox 512 507 590 570; x_wconf 90' lang='lat' dir='ltr'>quos</span> <span class='ocrx_word' id='word_1_5' title='bbox 618 489 785 571; x_wconf 87' lang='lat' dir='ltr'>nominari,</span> <span class='ocrx_word' id='word_1_6' title='bbox 814 489 942 553; x_wconf 90' lang='lat' dir='ltr'>inventa</span> <span class='ocrx_word' id='word_1_7' title='bbox 967 485 1043 550; x_wconf 93' lang='lat' dir='ltr'>mihi</span> <span class='ocrx_word' id='word_1_8' title='bbox 1074 484 1211 551; x_wconf 89' lang='lat' dir='ltr'>arridere</span> <span class='ocrx_word' id='word_1_9' title='bbox 1234 506 1288 551; x_wconf 89' lang='lat' dir='ltr'>ne·</span> 
     </span>
     <span class='ocr_line' id='line_1_3' title="bbox 167 592 1203 674; baseline -0.003 -17"><span class='ocrx_word' id='word_1_10' title='bbox 167 592 316 674; x_wconf 85' lang='lat' dir='ltr'>gaverim.</span> <span class='ocrx_word' id='word_1_11' title='bbox 1200 605 1203 612; x_wconf 85' lang='lat'>·</span> 
     </span>
     <span class='ocr_line' id='line_1_4' title="bbox 252 693 1290 779; baseline -0.002 -18"><span class='ocrx_word' id='word_1_12' title='bbox 252 693 450 776; x_wconf 87' lang='lat' dir='ltr'>Singularem</span> <span class='ocrx_word' id='word_1_13' title='bbox 472 694 645 779; x_wconf 77' lang='lat' dir='ltr'>particulae</span> <span class='ocrx_word' id='word_1_14' title='bbox 668 697 691 756; x_wconf 81' lang='grc' dir='ltr'><strong>εί</strong></span> <span class='ocrx_word' id='word_1_15' title='bbox 713 694 786 777; x_wconf 90' lang='lat' dir='ltr'>vim,</span> <span class='ocrx_word' id='word_1_16' title='bbox 810 713 902 779; x_wconf 87' lang='lat' dir='ltr'>quam</span> <span class='ocrx_word' id='word_1_17' title='bbox 926 693 1098 779; x_wconf 75' lang='lat' dir='ltr'><strong>pristinam,</strong></span> <span class='ocrx_word' id='word_1_18' title='bbox 1122 712 1192 758; x_wconf 90' lang='lat' dir='ltr'>csse</span> <span class='ocrx_word' id='word_1_19' title='bbox 1216 713 1290 759; x_wconf 92' lang='lat' dir='ltr'>cen·</span> 
     </span>
     <span class='ocr_line' id='line_1_5' title="bbox 166 797 1290 885; baseline -0.001 -20"><span class='ocrx_word' id='word_1_20' title='bbox 166 819 283 882; x_wconf 81' lang='lat' dir='ltr'>semna,</span> <span class='ocrx_word' id='word_1_21' title='bbox 306 819 369 865; x_wconf 91' lang='lat' dir='ltr'>non</span> <span class='ocrx_word' id='word_1_22' title='bbox 392 799 492 866; x_wconf 90' lang='lat' dir='ltr'>solum</span> <span class='ocrx_word' id='word_1_23' title='bbox 515 800 548 864; x_wconf 95' lang='lat' dir='ltr'>in</span> <span class='ocrx_word' id='word_1_24' title='bbox 565 799 851 885; x_wconf 88' lang='lat' dir='ltr'>comparationibus</span> <span class='ocrx_word' id='word_1_25' title='bbox 867 797 1117 865; x_wconf 87' lang='lat' dir='ltr'>animadvertero</span> <span class='ocrx_word' id='word_1_26' title='bbox 1133 798 1217 880; x_wconf 88' lang='lat' dir='ltr'>licet,</span> <span class='ocrx_word' id='word_1_27' title='bbox 1234 798 1290 864; x_wconf 94' lang='lat' dir='ltr'>sed</span> 
     </span>
     <span class='ocr_line' id='line_1_6' title="bbox 167 900 1290 989; baseline -0.002 -21"><span class='ocrx_word' id='word_1_28' title='bbox 167 903 262 968; x_wconf 91' lang='lat' dir='ltr'>etiam</span> <span class='ocrx_word' id='word_1_29' title='bbox 285 903 317 966; x_wconf 93' lang='lat' dir='ltr'>in</span> <span class='ocrx_word' id='word_1_30' title='bbox 341 903 454 969; x_wconf 90' lang='lat' dir='ltr'>ceteris</span> <span class='ocrx_word' id='word_1_31' title='bbox 481 901 622 969; x_wconf 90' lang='lat' dir='ltr'>eiusdem</span> <span class='ocrx_word' id='word_1_32' title='bbox 643 902 817 989; x_wconf 77' lang='lat' dir='ltr'>particulae</span> <span class='ocrx_word' id='word_1_33' title='bbox 844 903 912 967; x_wconf 91' lang='lat' dir='ltr'>sine</span> <span class='ocrx_word' id='word_1_34' title='bbox 939 901 1032 967; x_wconf 88' lang='lat' dir='ltr'>verbo</span> <span class='ocrx_word' id='word_1_35' title='bbox 1058 900 1146 966; x_wconf 90' lang='lat' dir='ltr'>finito</span> <span class='ocrx_word' id='word_1_36' title='bbox 1168 902 1290 987; x_wconf 77' lang='lat' dir='ltr'>positae</span> 
     </span>
    </p>
   </div>
   <div class='ocr_carea' id='block_1_3' title="bbox 64 1003 1289 1090">
    <p class='ocr_par' dir='ltr' id='par_1_3' title="bbox 64 1003 1289 1090">
     <span class='ocr_line' id='line_1_7' title="bbox 64 1003 1289 1090; baseline 0.005 -25"><span class='ocrx_word' id='word_1_37' title='bbox 64 1059 66 1065; x_wconf 81' lang='grc'>,</span> <span class='ocrx_word' id='word_1_38' title='bbox 129 1037 132 1044; x_wconf 64' lang='lat'>=</span> <span class='ocrx_word' id='word_1_39' title='bbox 167 1005 331 1090; x_wconf 84' lang='lat' dir='ltr'>exemplis,</span> <span class='ocrx_word' id='word_1_40' title='bbox 356 1025 436 1089; x_wconf 89' lang='lat' dir='ltr'>quae</span> <span class='ocrx_word' id='word_1_41' title='bbox 458 1025 542 1071; x_wconf 92' lang='lat' dir='ltr'>nunc</span> <span class='ocrx_word' id='word_1_42' title='bbox 564 1025 729 1072; x_wconf 86' lang='lat' dir='ltr'>recensere</span> <span class='ocrx_word' id='word_1_43' title='bbox 751 1007 783 1069; x_wconf 95' lang='lat' dir='ltr'>in</span> <span class='ocrx_word' id='word_1_44' title='bbox 807 1005 911 1070; x_wconf 89' lang='lat' dir='ltr'>animo</span> <span class='ocrx_word' id='word_1_45' title='bbox 934 1004 1095 1070; x_wconf 88' lang='lat' dir='ltr'>habemus.</span> <span class='ocrx_word' id='word_1_46' title='bbox 1129 1003 1197 1070; x_wconf 92' lang='lat' dir='ltr'>Uno</span> <span class='ocrx_word' id='word_1_47' title='bbox 1220 1005 1289 1071; x_wconf 90' lang='lat' dir='ltr'>loco</span> 
     </span>
    </p>
   </div>
   <div class='ocr_carea' id='block_1_4' title="bbox 148 1107 1294 4337">
    <p class='ocr_par' dir='ltr' id='par_1_4' title="bbox 148 1107 1294 4337">
     <span class='ocr_line' id='line_1_8' title="bbox 166 1107 1290 1194; baseline 0.002 -22"><span class='ocrx_word' id='word_1_48' title='bbox 166 1107 225 1174; x_wconf 77' lang='grc' dir='ltr'><strong>οὐδ’</strong></span> <span class='ocrx_word' id='word_1_49' title='bbox 248 1109 273 1172; x_wconf 84' lang='grc' dir='ltr'><strong>εί</strong></span> <span class='ocrx_word' id='word_1_50' title='bbox 295 1107 405 1174; x_wconf 87' lang='lat' dir='ltr'>ecdem</span> <span class='ocrx_word' id='word_1_51' title='bbox 429 1107 522 1174; x_wconf 92' lang='lat' dir='ltr'>modo</span> <span class='ocrx_word' id='word_1_52' title='bbox 546 1128 606 1192; x_wconf 88' lang='lat' dir='ltr'>quo</span> <span class='ocrx_word' id='word_1_53' title='bbox 630 1109 670 1179; x_wconf 86' lang='grc' dir='ltr'>ὡς</span> <span class='ocrx_word' id='word_1_54' title='bbox 693 1111 717 1172; x_wconf 82' lang='grc' dir='ltr'>εἰ</span> <span class='ocrx_word' id='word_1_55' title='bbox 739 1107 961 1194; x_wconf 88' lang='lat' dir='ltr'>explicandum</span> <span class='ocrx_word' id='word_1_56' title='bbox 983 1108 1146 1194; x_wconf 89' lang='lat' dir='ltr'>usurpavit</span> <span class='ocrx_word' id='word_1_57' title='bbox 1167 1107 1290 1174; x_wconf 87' lang='lat' dir='ltr'>Aristo·</span> 
     </span>
     <span class='ocr_line' id='line_1_9' title="bbox 167 1212 1291 1301; baseline -0.003 -22"><span class='ocrx_word' id='word_1_58' title='bbox 167 1215 288 1300; x_wconf 82' lang='lat' dir='ltr'>phanes</span> <span class='ocrx_word' id='word_1_59' title='bbox 310 1215 343 1279; x_wconf 89' lang='lat' dir='ltr'>in</span> <span class='ocrx_word' id='word_1_60' title='bbox 366 1212 402 1277; x_wconf 89' lang='lat' dir='ltr'>V.</span> <span class='ocrx_word' id='word_1_61' title='bbox 428 1233 470 1279; x_wconf 74' lang='lat' dir='ltr'>vc.</span> <span class='ocrx_word' id='word_1_62' title='bbox 495 1214 569 1277; x_wconf 83' lang='lat'>353.</span> <span class='ocrx_word' id='word_1_63' title='bbox 595 1220 688 1277; x_wconf 79' lang='grc' dir='ltr'><strong>πάντα</strong></span> <span class='ocrx_word' id='word_1_64' title='bbox 715 1216 872 1301; x_wconf 78' lang='grc' dir='ltr'>πέφαρκται</span> <span class='ocrx_word' id='word_1_65' title='bbox 898 1213 967 1276; x_wconf 85' lang='grc' dir='ltr'>κούκ</span> <span class='ocrx_word' id='word_1_66' title='bbox 994 1213 1066 1276; x_wconf 83' lang='grc' dir='ltr'><strong>ἔστιν</strong></span> <span class='ocrx_word' id='word_1_67' title='bbox 1090 1213 1163 1298; x_wconf 74' lang='grc' dir='ltr'><strong>ὀπῆς</strong></span> <span class='ocrx_word' id='word_1_68' title='bbox 1185 1213 1243 1277; x_wconf 78' lang='grc' dir='ltr'><strong>οὐδ’</strong></span> <span class='ocrx_word' id='word_1_69' title='bbox 1267 1216 1291 1276; x_wconf 84' lang='grc' dir='ltr'><strong>εί</strong></span> 
     </span>
     <span class='ocr_line' id='line_1_10' title="bbox 596 1321 847 1408; baseline -0.008 -25"><span class='ocrx_word' id='word_1_70' title='bbox 596 1323 693 1408; x_wconf 82' lang='grc' dir='ltr'>σέρφῳ</span> <span class='ocrx_word' id='word_1_71' title='bbox 717 1321 847 1384; x_wconf 75' lang='grc' dir='ltr'><strong>διαδῦναι.</strong></span> 
     </span>
     <span class='ocr_line' id='line_1_11' title="bbox 169 1411 1290 1510; baseline -0.002 -18"><span class='ocrx_word' id='word_1_72' title='bbox 169 1426 345 1492; x_wconf 84' lang='lat' dir='ltr'>Meinelrius</span> <span class='ocrx_word' id='word_1_73' title='bbox 367 1424 459 1490; x_wconf 92' lang='lat' dir='ltr'>huius</span> <span class='ocrx_word' id='word_1_74' title='bbox 481 1445 566 1508; x_wconf 88' lang='lat' dir='ltr'>usus,</span> <span class='ocrx_word' id='word_1_75' title='bbox 590 1446 682 1510; x_wconf 87' lang='lat' dir='ltr'>quem</span> <span class='ocrx_word' id='word_1_76' title='bbox 706 1424 791 1510; x_wconf 89' lang='lat' dir='ltr'>apud</span> <span class='ocrx_word' id='word_1_77' title='bbox 813 1425 1034 1507; x_wconf 84' lang='lat' dir='ltr'>grammaticos</span> <span class='ocrx_word' id='word_1_78' title='bbox 1062 1411 1176 1490; x_wconf 86' lang='lat' dir='ltr'>frustra</span> <span class='ocrx_word' id='word_1_79' title='bbox 1194 1445 1290 1509; x_wconf 89' lang='lat' dir='ltr'>quae-</span> 
     </span>
     <span class='ocr_line' id='line_1_12' title="bbox 166 1527 1290 1615; baseline -0.004 -18"><span class='ocrx_word' id='word_1_80' title='bbox 166 1531 287 1611; x_wconf 83' lang='lat' dir='ltr'>siveris,</span> <span class='ocrx_word' id='word_1_81' title='bbox 311 1529 442 1594; x_wconf 88' lang='lat' dir='ltr'>alterum</span> <span class='ocrx_word' id='word_1_82' title='bbox 466 1529 645 1615; x_wconf 88' lang='lat' dir='ltr'>exemplum</span> <span class='ocrx_word' id='word_1_83' title='bbox 669 1529 827 1595; x_wconf 83' lang='lat' dir='ltr'>detexisse</span> <span class='ocrx_word' id='word_1_84' title='bbox 850 1528 909 1593; x_wconf 90' lang='lat' dir='ltr'>sibi</span> <span class='ocrx_word' id='word_1_85' title='bbox 931 1528 1015 1594; x_wconf 85' lang='lat' dir='ltr'>risus</span> <span class='ocrx_word' id='word_1_86' title='bbox 1038 1533 1086 1594; x_wconf 87' lang='lat' dir='ltr'>cst</span> <span class='ocrx_word' id='word_1_87' title='bbox 1100 1529 1133 1592; x_wconf 92' lang='lat' dir='ltr'>in</span> <span class='ocrx_word' id='word_1_88' title='bbox 1149 1527 1290 1594; x_wconf 89' lang='lat' dir='ltr'>eiusdem</span> 
     </span>
     <span class='ocr_line' id='line_1_13' title="bbox 167 1631 851 1700; baseline -0.016 0"><span class='ocrx_word' id='word_1_89' title='bbox 167 1631 350 1700; x_wconf 86' lang='lat' dir='ltr'>comoediae</span> <span class='ocrx_word' id='word_1_90' title='bbox 373 1651 417 1696; x_wconf 87' lang='lat' dir='ltr'>vs.</span> <span class='ocrx_word' id='word_1_91' title='bbox 443 1632 535 1696; x_wconf 82' lang='lat'>1223.</span> <span class='ocrx_word' id='word_1_92' title='bbox 849 1649 851 1654; x_wconf 95' lang='lat'>·</span> 
     </span>
     <span class='ocr_line' id='line_1_14' title="bbox 168 1723 1130 1809; baseline 0 -10"><span class='ocrx_word' id='word_1_93' title='bbox 168 1735 207 1800; x_wconf 86' lang='lat' dir='ltr'>V.</span> <span class='ocrx_word' id='word_1_94' title='bbox 231 1756 275 1802; x_wconf 83' lang='lat' dir='ltr'>vs.</span> <span class='ocrx_word' id='word_1_95' title='bbox 300 1737 392 1799; x_wconf 83' lang='lat'>1222.</span> <span class='ocrx_word' id='word_1_96' title='bbox 414 1735 521 1805; x_wconf 81' lang='grc' dir='ltr'><strong>τοίντοις</strong></span> <span class='ocrx_word' id='word_1_97' title='bbox 543 1725 634 1809; x_wconf 80' lang='grc' dir='ltr'><strong>Ευνὼν</strong></span> <span class='ocrx_word' id='word_1_98' title='bbox 656 1737 692 1799; x_wconf 90' lang='grc' dir='ltr'><strong>τοί</strong></span> <span class='ocrx_word' id='word_1_99' title='bbox 715 1736 806 1799; x_wconf 73' lang='grc' dir='ltr'><strong>σκολί</strong></span> <span class='ocrx_word' id='word_1_100' title='bbox 830 1723 907 1805; x_wconf 80' lang='grc' dir='ltr'><strong>ὅπως</strong></span> <span class='ocrx_word' id='word_1_101' title='bbox 928 1723 1001 1808; x_wconf 74' lang='grc' dir='ltr'><strong>δέξει</strong></span> <span class='ocrx_word' id='word_1_102' title='bbox 1023 1735 1130 1806; x_wconf 76' lang='grc' dir='ltr'><strong>καλῶς.</strong></span> 
     </span>
     <span class='ocr_line' id='line_1_15' title="bbox 313 1831 1104 1928; baseline -0.001 -24"><span class='ocrx_word' id='word_1_103' title='bbox 313 1839 393 1905; x_wconf 75' lang='lat' dir='ltr'>Phil.</span> <span class='ocrx_word' id='word_1_104' title='bbox 415 1840 541 1924; x_wconf 55' lang='lat' dir='ltr'>&amp;indeq</span> <span class='ocrx_word' id='word_1_105' title='bbox 567 1840 608 1911; x_wconf 83' lang='grc' dir='ltr'>ὡς</span> <span class='ocrx_word' id='word_1_106' title='bbox 631 1841 720 1912; x_wconf 74' lang='grc' dir='ltr'><strong>οὐδείς</strong></span> <span class='ocrx_word' id='word_1_107' title='bbox 741 1864 772 1925; x_wconf 64' lang='grc' dir='ltr'>τε</span> <span class='ocrx_word' id='word_1_108' title='bbox 796 1842 931 1928; x_wconf 78' lang='grc' dir='ltr'><strong>Διακρίων</strong></span> <span class='ocrx_word' id='word_1_109' title='bbox 955 1831 1104 1913; x_wconf 73' lang='grc' dir='ltr'><strong>λελέξεται.</strong></span> 
     </span>
     <span class='ocr_line' id='line_1_16' title="bbox 169 1934 1290 2028; baseline 0.002 -20"><span class='ocrx_word' id='word_1_110' title='bbox 169 1934 310 2018; x_wconf 71' lang='grc' dir='ltr'><strong>λελέξεται</strong></span> <span class='ocrx_word' id='word_1_111' title='bbox 336 1965 375 2010; x_wconf 82' lang='lat' dir='ltr'>cx</span> <span class='ocrx_word' id='word_1_112' title='bbox 400 1945 590 2027; x_wconf 84' lang='lat' dir='ltr'>glossemate</span> <span class='ocrx_word' id='word_1_113' title='bbox 617 1946 737 2011; x_wconf 89' lang='lat' dir='ltr'>illatum</span> <span class='ocrx_word' id='word_1_114' title='bbox 762 1967 833 2012; x_wconf 88' lang='lat' dir='ltr'>esse</span> <span class='ocrx_word' id='word_1_115' title='bbox 854 1944 1016 2012; x_wconf 88' lang='lat' dir='ltr'>Dobraeus</span> <span class='ocrx_word' id='word_1_116' title='bbox 1040 1950 1162 2026; x_wconf 83' lang='lat' dir='ltr'>censct3</span> <span class='ocrx_word' id='word_1_117' title='bbox 1196 1945 1290 2028; x_wconf 85' lang='lat' dir='ltr'>vulgo</span> 
     </span>
     <span class='ocr_line' id='line_1_17' title="bbox 172 2042 1291 2141; baseline -0.001 -23"><span class='ocrx_word' id='word_1_118' title='bbox 172 2051 324 2118; x_wconf 89' lang='lat' dir='ltr'>scribunt:</span> <span class='ocrx_word' id='word_1_119' title='bbox 352 2051 392 2121; x_wconf 83' lang='grc' dir='ltr'>ὡς</span> <span class='ocrx_word' id='word_1_120' title='bbox 418 2051 507 2121; x_wconf 75' lang='grc' dir='ltr'><strong>οὐδεὶς</strong></span> <span class='ocrx_word' id='word_1_121' title='bbox 523 2053 678 2141; x_wconf 52' lang='grc' dir='ltr'><strong>Διακρίων,</strong></span> <span class='ocrx_word' id='word_1_122' title='bbox 696 2042 814 2126; x_wconf 73' lang='grc' dir='ltr'><strong>λέξεται.</strong></span> <span class='ocrx_word' id='word_1_123' title='bbox 851 2050 969 2118; x_wconf 84' lang='lat' dir='ltr'>Omnes</span> <span class='ocrx_word' id='word_1_124' title='bbox 996 2051 1061 2116; x_wconf 88' lang='lat' dir='ltr'>fero</span> <span class='ocrx_word' id='word_1_125' title='bbox 1090 2051 1130 2116; x_wconf 87' lang='lat' dir='ltr'>de</span> <span class='ocrx_word' id='word_1_126' title='bbox 1156 2051 1291 2117; x_wconf 87' lang='lat' dir='ltr'>Diacriis</span> 
     </span>
     <span class='ocr_line' id='line_1_18' title="bbox 170 2155 1291 2242; baseline 0.001 -22"><span class='ocrx_word' id='word_1_127' title='bbox 170 2157 329 2241; x_wconf 90' lang='lat' dir='ltr'>accipiunt</span> <span class='ocrx_word' id='word_1_128' title='bbox 351 2159 437 2242; x_wconf 88' lang='lat' dir='ltr'>quasi</span> <span class='ocrx_word' id='word_1_129' title='bbox 461 2156 492 2222; x_wconf 91' lang='lat' dir='ltr'>hi</span> <span class='ocrx_word' id='word_1_130' title='bbox 515 2157 683 2223; x_wconf 87' lang='lat' dir='ltr'>scoliorum</span> <span class='ocrx_word' id='word_1_131' title='bbox 706 2155 933 2224; x_wconf 79' lang='lat' dir='ltr'>cantandarum</span> <span class='ocrx_word' id='word_1_132' title='bbox 955 2175 1031 2241; x_wconf 89' lang='lat' dir='ltr'>prae</span> <span class='ocrx_word' id='word_1_133' title='bbox 1060 2157 1172 2222; x_wconf 87' lang='lat' dir='ltr'>ceteris</span> <span class='ocrx_word' id='word_1_134' title='bbox 1199 2159 1291 2241; x_wconf 86' lang='lat' dir='ltr'>periti</span> 
     </span>
     <span class='ocr_line' id='line_1_19' title="bbox 168 2257 1292 2348; baseline 0 -26"><span class='ocrx_word' id='word_1_135' title='bbox 168 2258 291 2348; x_wconf 87' lang='lat' dir='ltr'>fuerint.</span> <span class='ocrx_word' id='word_1_136' title='bbox 326 2259 489 2338; x_wconf 78' lang='lat' dir='ltr'>Quodcum</span> <span class='ocrx_word' id='word_1_137' title='bbox 510 2261 738 2347; x_wconf 87' lang='lat' dir='ltr'>incompertum</span> <span class='ocrx_word' id='word_1_138' title='bbox 762 2259 943 2341; x_wconf 89' lang='lat' dir='ltr'>habeamus,</span> <span class='ocrx_word' id='word_1_139' title='bbox 965 2258 1157 2325; x_wconf 87' lang='lat' dir='ltr'>Meinekius:</span> <span class='ocrx_word' id='word_1_140' title='bbox 1186 2257 1244 2323; x_wconf 80' lang='grc' dir='ltr'><strong>οὐδ’</strong></span> <span class='ocrx_word' id='word_1_141' title='bbox 1268 2262 1292 2323; x_wconf 80' lang='grc' dir='ltr'>εἰ</span> 
     </span>
     <span class='ocr_line' id='line_1_20' title="bbox 169 2356 1290 2454; baseline 0.002 -25"><span class='ocrx_word' id='word_1_142' title='bbox 169 2365 305 2454; x_wconf 81' lang='grc' dir='ltr'><strong>Διακρίων</strong></span> <span class='ocrx_word' id='word_1_143' title='bbox 327 2356 435 2439; x_wconf 76' lang='grc' dir='ltr'><strong>λέξεται</strong></span> <span class='ocrx_word' id='word_1_144' title='bbox 458 2365 657 2434; x_wconf 90' lang='lat' dir='ltr'>scribendum</span> <span class='ocrx_word' id='word_1_145' title='bbox 682 2385 752 2432; x_wconf 87' lang='lat' dir='ltr'>asse</span> <span class='ocrx_word' id='word_1_146' title='bbox 774 2365 898 2448; x_wconf 90' lang='lat' dir='ltr'>conicit,</span> <span class='ocrx_word' id='word_1_147' title='bbox 921 2365 1004 2450; x_wconf 90' lang='lat' dir='ltr'>quod</span> <span class='ocrx_word' id='word_1_148' title='bbox 1025 2365 1160 2432; x_wconf 91' lang='lat' dir='ltr'>hominis</span> <span class='ocrx_word' id='word_1_149' title='bbox 1176 2387 1290 2432; x_wconf 91' lang='lat' dir='ltr'>nomen</span> 
     </span>
     <span class='ocr_line' id='line_1_21' title="bbox 168 2468 1289 2556; baseline 0.002 -22"><span class='ocrx_word' id='word_1_150' title='bbox 168 2470 265 2537; x_wconf 86' lang='lat' dir='ltr'>luisse</span> <span class='ocrx_word' id='word_1_151' title='bbox 287 2475 379 2556; x_wconf 85' lang='lat' dir='ltr'>putat</span> <span class='ocrx_word' id='word_1_152' title='bbox 393 2472 471 2537; x_wconf 85' lang='lat' dir='ltr'>scito</span> <span class='ocrx_word' id='word_1_153' title='bbox 485 2470 584 2538; x_wconf 89' lang='lat' dir='ltr'>scolia</span> <span class='ocrx_word' id='word_1_154' title='bbox 599 2471 765 2536; x_wconf 89' lang='lat' dir='ltr'>cantantis.</span> <span class='ocrx_word' id='word_1_155' title='bbox 800 2468 864 2535; x_wconf 88' lang='lat' dir='ltr'>Sed</span> <span class='ocrx_word' id='word_1_156' title='bbox 879 2474 914 2536; x_wconf 92' lang='lat' dir='ltr'>ut</span> <span class='ocrx_word' id='word_1_157' title='bbox 929 2471 1083 2546; x_wconf 87' lang='lat' dir='ltr'>sermonis</span> <span class='ocrx_word' id='word_1_158' title='bbox 1099 2470 1289 2553; x_wconf 79' lang='lat' dir='ltr'>elegantiam</span> 
     </span>
     <span class='ocr_line' id='line_1_22' title="bbox 168 2572 1290 2657; baseline 0 -17"><span class='ocrx_word' id='word_1_159' title='bbox 168 2574 349 2641; x_wconf 87' lang='lat' dir='ltr'>restitutam</span> <span class='ocrx_word' id='word_1_160' title='bbox 382 2593 452 2640; x_wconf 89' lang='lat' dir='ltr'>csse</span> <span class='ocrx_word' id='word_1_161' title='bbox 485 2572 698 2657; x_wconf 84' lang='lat' dir='ltr'>concedimus,</span> <span class='ocrx_word' id='word_1_162' title='bbox 730 2573 777 2637; x_wconf 87' lang='lat' dir='ltr'>ita</span> <span class='ocrx_word' id='word_1_163' title='bbox 809 2572 943 2639; x_wconf 87' lang='lat' dir='ltr'>eandem</span> <span class='ocrx_word' id='word_1_164' title='bbox 970 2593 1098 2640; x_wconf 89' lang='lat' dir='ltr'>manere</span> <span class='ocrx_word' id='word_1_165' title='bbox 1125 2575 1290 2640; x_wconf 88' lang='lat' dir='ltr'>verborum</span> 
     </span>
     <span class='ocr_line' id='line_1_23' title="bbox 168 2675 1292 2761; baseline -0.001 -17"><span class='ocrx_word' id='word_1_166' title='bbox 168 2677 392 2744; x_wconf 87' lang='lat' dir='ltr'>obscuritatem</span> <span class='ocrx_word' id='word_1_167' title='bbox 419 2677 528 2758; x_wconf 85' lang='lat' dir='ltr'>ignoto</span> <span class='ocrx_word' id='word_1_168' title='bbox 558 2675 685 2742; x_wconf 94' lang='lat' dir='ltr'>homine</span> <span class='ocrx_word' id='word_1_169' title='bbox 707 2682 833 2761; x_wconf 87' lang='lat' dir='ltr'>recepto</span> <span class='ocrx_word' id='word_1_170' title='bbox 855 2675 1000 2742; x_wconf 88' lang='lat' dir='ltr'>fatemur.</span> <span class='ocrx_word' id='word_1_171' title='bbox 1045 2675 1124 2742; x_wconf 86' lang='lat' dir='ltr'>Oum</span> <span class='ocrx_word' id='word_1_172' title='bbox 1146 2679 1292 2760; x_wconf 82' lang='lat' dir='ltr'>negativa</span> 
     </span>
     <span class='ocr_line' id='line_1_24' title="bbox 168 2777 1291 2866; baseline 0.001 -20"><span class='ocrx_word' id='word_1_173' title='bbox 168 2781 270 2847; x_wconf 85' lang='lat' dir='ltr'>forma</span> <span class='ocrx_word' id='word_1_174' title='bbox 291 2778 349 2844; x_wconf 77' lang='grc' dir='ltr'><strong>οὐδ’</strong></span> <span class='ocrx_word' id='word_1_175' title='bbox 373 2780 397 2842; x_wconf 84' lang='grc' dir='ltr'>εἰ</span> <span class='ocrx_word' id='word_1_176' title='bbox 417 2779 450 2843; x_wconf 93' lang='lat' dir='ltr'>in</span> <span class='ocrx_word' id='word_1_177' title='bbox 474 2798 532 2844; x_wconf 90' lang='lat' dir='ltr'>usu</span> <span class='ocrx_word' id='word_1_178' title='bbox 553 2777 648 2846; x_wconf 87' lang='lat' dir='ltr'>fuisse</span> <span class='ocrx_word' id='word_1_179' title='bbox 671 2786 833 2866; x_wconf 85' lang='lat' dir='ltr'>appareat,</span> <span class='ocrx_word' id='word_1_180' title='bbox 856 2777 1026 2846; x_wconf 89' lang='lat' dir='ltr'>admodum</span> <span class='ocrx_word' id='word_1_181' title='bbox 1045 2779 1189 2846; x_wconf 88' lang='lat' dir='ltr'>mirabile</span> <span class='ocrx_word' id='word_1_182' title='bbox 1205 2780 1291 2847; x_wconf 90' lang='lat' dir='ltr'>vide·</span> 
     </span>
     <span class='ocr_line' id='line_1_25' title="bbox 168 2883 1292 2972; baseline 0.003 -21"><span class='ocrx_word' id='word_1_183' title='bbox 168 2892 229 2968; x_wconf 89' lang='lat' dir='ltr'>tur,</span> <span class='ocrx_word' id='word_1_184' title='bbox 256 2883 339 2970; x_wconf 92' lang='lat' dir='ltr'>quod</span> <span class='ocrx_word' id='word_1_185' title='bbox 366 2883 499 2971; x_wconf 89' lang='lat' dir='ltr'>positiva</span> <span class='ocrx_word' id='word_1_186' title='bbox 524 2883 572 2945; x_wconf 89' lang='grc' dir='ltr'><strong>καί</strong></span> <span class='ocrx_word' id='word_1_187' title='bbox 605 2884 628 2946; x_wconf 82' lang='grc' dir='ltr'>εἰ</span> <span class='ocrx_word' id='word_1_188' title='bbox 661 2904 762 2969; x_wconf 91' lang='lat' dir='ltr'>neque</span> <span class='ocrx_word' id='word_1_189' title='bbox 793 2883 877 2970; x_wconf 92' lang='lat' dir='ltr'>apud</span> <span class='ocrx_word' id='word_1_190' title='bbox 911 2885 1155 2970; x_wconf 89' lang='lat' dir='ltr'>Aristophanem</span> <span class='ocrx_word' id='word_1_191' title='bbox 1190 2907 1292 2972; x_wconf 87' lang='lat' dir='ltr'>neque</span> 
     </span>
     <span class='ocr_line' id='line_1_26' title="bbox 170 2990 1291 3079; baseline 0.004 -21"><span class='ocrx_word' id='word_1_192' title='bbox 170 2992 255 3079; x_wconf 89' lang='lat' dir='ltr'>apud</span> <span class='ocrx_word' id='word_1_193' title='bbox 276 2993 374 3058; x_wconf 91' lang='lat' dir='ltr'>ullum</span> <span class='ocrx_word' id='word_1_194' title='bbox 398 2992 582 3077; x_wconf 87' lang='lat' dir='ltr'>scriptorem</span> <span class='ocrx_word' id='word_1_195' title='bbox 611 2990 697 3075; x_wconf 84' lang='lat' dir='ltr'>(nam</span> <span class='ocrx_word' id='word_1_196' title='bbox 725 2992 758 3057; x_wconf 92' lang='lat' dir='ltr'>in</span> <span class='ocrx_word' id='word_1_197' title='bbox 780 2990 999 3078; x_wconf 84' lang='lat' dir='ltr'>Xenophontis</span> <span class='ocrx_word' id='word_1_198' title='bbox 1022 2992 1198 3061; x_wconf 78' lang='lat' dir='ltr'>comment.</span> <span class='ocrx_word' id='word_1_199' title='bbox 1221 2996 1291 3062; x_wconf 93' lang='lat' dir='ltr'>libr.</span> 
     </span>
     <span class='ocr_line' id='line_1_27' title="bbox 168 3093 1292 3182; baseline 0.004 -22"><span class='ocrx_word' id='word_1_200' title='bbox 168 3097 274 3180; x_wconf 88' lang='lat'>4,1,1</span> <span class='ocrx_word' id='word_1_201' title='bbox 298 3095 424 3162; x_wconf 89' lang='lat' dir='ltr'>codices</span> <span class='ocrx_word' id='word_1_202' title='bbox 440 3094 575 3177; x_wconf 87' lang='lat' dir='ltr'>variant)</span> <span class='ocrx_word' id='word_1_203' title='bbox 592 3099 677 3160; x_wconf 90' lang='lat' dir='ltr'>certe</span> <span class='ocrx_word' id='word_1_204' title='bbox 691 3093 835 3161; x_wconf 88' lang='lat' dir='ltr'>traditur.</span> <span class='ocrx_word' id='word_1_205' title='bbox 870 3094 932 3160; x_wconf 91' lang='lat' dir='ltr'>Sed</span> <span class='ocrx_word' id='word_1_206' title='bbox 953 3115 1011 3181; x_wconf 94' lang='lat' dir='ltr'>pro</span> <span class='ocrx_word' id='word_1_207' title='bbox 1033 3097 1079 3158; x_wconf 89' lang='grc' dir='ltr'><strong>καί</strong></span> <span class='ocrx_word' id='word_1_208' title='bbox 1102 3099 1126 3161; x_wconf 83' lang='grc' dir='ltr'><strong>εί</strong></span> <span class='ocrx_word' id='word_1_209' title='bbox 1148 3105 1292 3182; x_wconf 88' lang='lat' dir='ltr'>quattuor</span> 
     </span>
     <span class='ocr_line' id='line_1_28' title="bbox 168 3196 1291 3285; baseline 0.005 -21"><span class='ocrx_word' id='word_1_210' title='bbox 168 3200 247 3266; x_wconf 93' lang='lat' dir='ltr'>locis</span> <span class='ocrx_word' id='word_1_211' title='bbox 269 3197 509 3285; x_wconf 84' lang='lat' dir='ltr'>Aristophancis</span> <span class='ocrx_word' id='word_1_212' title='bbox 531 3196 578 3259; x_wconf 89' lang='grc' dir='ltr'><strong>καί</strong></span> <span class='ocrx_word' id='word_1_213' title='bbox 600 3196 649 3258; x_wconf 81' lang='grc' dir='ltr'>ἐάν</span> <span class='ocrx_word' id='word_1_214' title='bbox 672 3198 738 3264; x_wconf 90' lang='lat' dir='ltr'>sive</span> <span class='ocrx_word' id='word_1_215' title='bbox 765 3200 818 3260; x_wconf 84' lang='grc' dir='ltr'>κᾶν</span> <span class='ocrx_word' id='word_1_216' title='bbox 846 3199 914 3265; x_wconf 90' lang='lat' dir='ltr'>sine</span> <span class='ocrx_word' id='word_1_217' title='bbox 942 3200 1036 3266; x_wconf 89' lang='lat' dir='ltr'>vcrbo</span> <span class='ocrx_word' id='word_1_218' title='bbox 1062 3201 1150 3268; x_wconf 90' lang='lat' dir='ltr'>finito</span> <span class='ocrx_word' id='word_1_219' title='bbox 1172 3204 1291 3270; x_wconf 84' lang='lat' dir='ltr'>inveni:</span> 
     </span>
     <span class='ocr_line' id='line_1_29' title="bbox 172 3301 1116 3390; baseline -0.002 -18"><span class='ocrx_word' id='word_1_220' title='bbox 172 3303 247 3372; x_wconf 78' lang='lat' dir='ltr'>Acin.</span> <span class='ocrx_word' id='word_1_221' title='bbox 272 3326 318 3378; x_wconf 78' lang='lat' dir='ltr'>vs.</span> <span class='ocrx_word' id='word_1_222' title='bbox 341 3305 433 3370; x_wconf 82' lang='lat'>1021.</span> <span class='ocrx_word' id='word_1_223' title='bbox 456 3304 597 3390; x_wconf 80' lang='grc' dir='ltr'><strong>μέτρησον</strong></span> <span class='ocrx_word' id='word_1_224' title='bbox 619 3303 734 3390; x_wconf 77' lang='grc' dir='ltr'><strong>εἰρήνης</strong></span> <span class='ocrx_word' id='word_1_225' title='bbox 756 3304 780 3364; x_wconf 89' lang='grc' dir='ltr'><strong>τί</strong></span> <span class='ocrx_word' id='word_1_226' title='bbox 803 3326 858 3387; x_wconf 80' lang='grc' dir='ltr'><strong>μοι,</strong></span> <span class='ocrx_word' id='word_1_227' title='bbox 881 3305 934 3367; x_wconf 80' lang='grc' dir='ltr'>κᾶν</span> <span class='ocrx_word' id='word_1_228' title='bbox 956 3301 1032 3367; x_wconf 77' lang='grc' dir='ltr'><strong>πέντ’</strong></span> <span class='ocrx_word' id='word_1_229' title='bbox 1056 3304 1116 3389; x_wconf 76' lang='grc' dir='ltr'><strong>ἔτη.</strong></span> 
     </span>
     <span class='ocr_line' id='line_1_30' title="bbox 257 3405 1156 3496; baseline 0.003 -24"><span class='ocrx_word' id='word_1_230' title='bbox 257 3408 293 3474; x_wconf 92' lang='lat' dir='ltr'>V.</span> <span class='ocrx_word' id='word_1_231' title='bbox 317 3431 359 3477; x_wconf 90' lang='lat' dir='ltr'>vs.</span> <span class='ocrx_word' id='word_1_232' title='bbox 382 3412 433 3474; x_wconf 81' lang='lat'>92.</span> <span class='ocrx_word' id='word_1_233' title='bbox 456 3409 492 3493; x_wconf 74' lang='grc' dir='ltr'>ἢν</span> <span class='ocrx_word' id='word_1_234' title='bbox 515 3405 540 3470; x_wconf 76' lang='grc' dir='ltr'>λ’</span> <span class='ocrx_word' id='word_1_235' title='bbox 554 3407 601 3470; x_wconf 76' lang='grc' dir='ltr'>οὖν</span> <span class='ocrx_word' id='word_1_236' title='bbox 624 3409 775 3492; x_wconf 78' lang='grc' dir='ltr'><strong>καταμύσῃ</strong></span> <span class='ocrx_word' id='word_1_237' title='bbox 799 3411 851 3471; x_wconf 84' lang='grc' dir='ltr'>κᾶν</span> <span class='ocrx_word' id='word_1_238' title='bbox 874 3411 974 3496; x_wconf 85' lang='grc' dir='ltr'><strong>ἄχνην,</strong></span> <span class='ocrx_word' id='word_1_239' title='bbox 999 3411 1077 3493; x_wconf 84' lang='grc' dir='ltr'><strong>ὅμως</strong></span> <span class='ocrx_word' id='word_1_240' title='bbox 1099 3411 1156 3475; x_wconf 83' lang='grc' dir='ltr'><strong>ἐκεῖ</strong></span> 
     </span>
     <span class='ocr_line' id='line_1_31' title="bbox 458 3515 700 3584; baseline -0.004 -7"><span class='ocrx_word' id='word_1_241' title='bbox 458 3515 473 3577; x_wconf 87' lang='grc' dir='ltr'><strong>ὁ</strong></span> <span class='ocrx_word' id='word_1_242' title='bbox 496 3518 561 3584; x_wconf 85' lang='grc' dir='ltr'><strong>νοίις</strong></span> <span class='ocrx_word' id='word_1_243' title='bbox 582 3515 700 3576; x_wconf 83' lang='grc' dir='ltr'><strong>πέτεται.</strong></span> 
     </span>
     <span class='ocr_line' id='line_1_32' title="bbox 171 3616 1254 3710; baseline 0.006 -27"><span class='ocrx_word' id='word_1_244' title='bbox 171 3616 207 3683; x_wconf 95' lang='lat' dir='ltr'>L.</span> <span class='ocrx_word' id='word_1_245' title='bbox 231 3639 275 3684; x_wconf 81' lang='lat' dir='ltr'>vo.</span> <span class='ocrx_word' id='word_1_246' title='bbox 299 3618 371 3683; x_wconf 85' lang='lat'>671.</span> <span class='ocrx_word' id='word_1_247' title='bbox 394 3621 417 3681; x_wconf 84' lang='grc' dir='ltr'>εἰ</span> <span class='ocrx_word' id='word_1_248' title='bbox 438 3622 491 3708; x_wconf 67' lang='grc' dir='ltr'>γὰρ</span> <span class='ocrx_word' id='word_1_249' title='bbox 514 3619 628 3683; x_wconf 71' lang='grc' dir='ltr'><strong>ἐνδώσει</strong></span> <span class='ocrx_word' id='word_1_250' title='bbox 650 3641 691 3689; x_wconf 90' lang='grc' dir='ltr'>τις</span> <span class='ocrx_word' id='word_1_251' title='bbox 713 3621 796 3704; x_wconf 80' lang='grc' dir='ltr'><strong>ἡμῶν</strong></span> <span class='ocrx_word' id='word_1_252' title='bbox 819 3620 910 3690; x_wconf 62' lang='lat' dir='ltr'>scinde</span> <span class='ocrx_word' id='word_1_253' title='bbox 933 3623 985 3683; x_wconf 85' lang='grc' dir='ltr'>κᾶν</span> <span class='ocrx_word' id='word_1_254' title='bbox 1008 3624 1128 3710; x_wconf 82' lang='grc' dir='ltr'><strong>σμικροίν</strong></span> <span class='ocrx_word' id='word_1_255' title='bbox 1150 3624 1254 3710; x_wconf 84' lang='grc' dir='ltr'><strong>λαβὴν,</strong></span> 
     </span>
     <span class='ocr_line' id='line_1_33' title="bbox 396 3723 758 3811; baseline 0.008 -26"><span class='ocrx_word' id='word_1_256' title='bbox 396 3723 474 3788; x_wconf 75' lang='grc' dir='ltr'><strong>οὐδὲν</strong></span> <span class='ocrx_word' id='word_1_257' title='bbox 497 3725 673 3811; x_wconf 82' lang='grc' dir='ltr'><strong>ἐλλείψουσιν</strong></span> <span class='ocrx_word' id='word_1_258' title='bbox 695 3726 758 3788; x_wconf 75' lang='grc' dir='ltr'><strong>κτλ·</strong></span> 
     </span>
     <span class='ocr_line' id='line_1_34' title="bbox 170 3826 936 3919; baseline -0.001 -27"><span class='ocrx_word' id='word_1_259' title='bbox 170 3826 215 3892; x_wconf 89' lang='lat' dir='ltr'>Pl.</span> <span class='ocrx_word' id='word_1_260' title='bbox 233 3847 277 3894; x_wconf 86' lang='lat' dir='ltr'>vs.</span> <span class='ocrx_word' id='word_1_261' title='bbox 296 3829 366 3892; x_wconf 82' lang='lat'>124.</span> <span class='ocrx_word' id='word_1_262' title='bbox 394 3830 442 3892; x_wconf 86' lang='grc' dir='ltr'><strong>οἷει</strong></span> <span class='ocrx_word' id='word_1_263' title='bbox 462 3832 515 3919; x_wconf 70' lang='grc' dir='ltr'>γὰρ</span> <span class='ocrx_word' id='word_1_264' title='bbox 539 3831 606 3896; x_wconf 78' lang='grc' dir='ltr'><strong>εἶναι</strong></span> <span class='ocrx_word' id='word_1_265' title='bbox 628 3830 680 3916; x_wconf 81' lang='grc' dir='ltr'>τὴν</span> <span class='ocrx_word' id='word_1_266' title='bbox 703 3831 768 3901; x_wconf 88' lang='grc' dir='ltr'><strong>Διὸς</strong></span> <span class='ocrx_word' id='word_1_267' title='bbox 789 3829 936 3917; x_wconf 79' lang='grc' dir='ltr'><strong>τυραννίδα</strong></span> 
     </span>
     <span class='ocr_line' id='line_1_35' title="bbox 395 3927 1004 4025; baseline -0.002 -28"><span class='ocrx_word' id='word_1_268' title='bbox 395 3935 442 3997; x_wconf 91' lang='grc' dir='ltr'><strong>καί</strong></span> <span class='ocrx_word' id='word_1_269' title='bbox 463 3937 528 4007; x_wconf 81' lang='grc' dir='ltr'>τούς</span> <span class='ocrx_word' id='word_1_270' title='bbox 549 3935 701 4025; x_wconf 84' lang='grc' dir='ltr'><strong>κεραυνοὺς</strong></span> <span class='ocrx_word' id='word_1_271' title='bbox 723 3927 818 4009; x_wconf 79' lang='grc' dir='ltr'><strong>ἀξίους</strong></span> <span class='ocrx_word' id='word_1_272' title='bbox 840 3933 1004 4022; x_wconf 86' lang='grc' dir='ltr'><strong>τριωβολου,</strong></span> 
     </span>
     <span class='ocr_line' id='line_1_36' title="bbox 395 4041 1027 4129; baseline 0.002 -26"><span class='ocrx_word' id='word_1_273' title='bbox 395 4041 444 4103; x_wconf 82' lang='grc' dir='ltr'>ἐὰν</span> <span class='ocrx_word' id='word_1_274' title='bbox 468 4042 634 4129; x_wconf 74' lang='grc' dir='ltr'><strong>ἀναβλέψῃς</strong></span> <span class='ocrx_word' id='word_1_275' title='bbox 657 4041 691 4106; x_wconf 86' lang='grc' dir='ltr'>σὺ</span> <span class='ocrx_word' id='word_1_276' title='bbox 714 4045 768 4106; x_wconf 85' lang='grc' dir='ltr'>κᾶν</span> <span class='ocrx_word' id='word_1_277' title='bbox 792 4041 888 4129; x_wconf 81' lang='grc' dir='ltr'><strong>μικρὸν</strong></span> <span class='ocrx_word' id='word_1_278' title='bbox 910 4043 1027 4129; x_wconf 80' lang='grc' dir='ltr'><strong>χρόνον;</strong></span> 
     </span>
     <span class='ocr_line' id='line_1_37' title="bbox 148 4139 1294 4234; baseline 0.008 -28"><span class='ocrx_word' id='word_1_279' title='bbox 148 4139 377 4211; x_wconf 86' lang='lat' dir='ltr'>.Grammatici</span> <span class='ocrx_word' id='word_1_280' title='bbox 410 4165 467 4213; x_wconf 90' lang='lat' dir='ltr'>suo</span> <span class='ocrx_word' id='word_1_281' title='bbox 501 4167 588 4213; x_wconf 90' lang='lat' dir='ltr'>more</span> <span class='ocrx_word' id='word_1_282' title='bbox 621 4148 767 4234; x_wconf 84' lang='lat' dir='ltr'>exempla</span> <span class='ocrx_word' id='word_1_283' title='bbox 799 4148 886 4214; x_wconf 80' lang='lat' dir='ltr'>uarie</span> <span class='ocrx_word' id='word_1_284' title='bbox 919 4148 1174 4233; x_wconf 86' lang='lat' dir='ltr'>interpretantur,</span> <span class='ocrx_word' id='word_1_285' title='bbox 1208 4147 1294 4215; x_wconf 86' lang='lat' dir='ltr'>uelut</span> 
     </span>
     <span class='ocr_line' id='line_1_38' title="bbox 170 4241 1292 4337; baseline 0.01 -29"><span class='ocrx_word' id='word_1_286' title='bbox 170 4241 358 4316; x_wconf 87' lang='lat' dir='ltr'>Matthiacus</span> <span class='ocrx_word' id='word_1_287' title='bbox 393 4248 438 4336; x_wconf 93' lang='lat' dir='ltr'>(p.</span> <span class='ocrx_word' id='word_1_288' title='bbox 465 4249 561 4334; x_wconf 87' lang='lat'>1484)</span> <span class='ocrx_word' id='word_1_289' title='bbox 594 4271 716 4317; x_wconf 86' lang='lat' dir='ltr'>versum</span> <span class='ocrx_word' id='word_1_290' title='bbox 751 4249 833 4317; x_wconf 93' lang='lat' dir='ltr'>Pluti</span> <span class='ocrx_word' id='word_1_291' title='bbox 867 4251 912 4319; x_wconf 91' lang='lat' dir='ltr'>sic</span> <span class='ocrx_word' id='word_1_292' title='bbox 944 4251 1071 4337; x_wconf 90' lang='lat' dir='ltr'>plenum</span> <span class='ocrx_word' id='word_1_293' title='bbox 1106 4270 1181 4328; x_wconf 87' lang='lat' dir='ltr'>esse</span> <span class='ocrx_word' id='word_1_294' title='bbox 1204 4252 1292 4320; x_wconf 87' lang='lat' dir='ltr'>dicit:</span> 
     </span>
    </p>
   </div>
   <div class='ocr_carea' id='block_1_5' title="bbox 0 0 1549 4664">
    <p class='ocr_par' dir='ltr' id='par_1_5' title="bbox 0 0 1549 4664">
     <span class='ocr_line' id='line_1_39' title="bbox 0 0 1549 4664; baseline 0 0"><span class='ocrx_word' id='word_1_295' title='bbox 0 0 1549 4664; x_wconf 95' lang='lat' dir='ltr'> </span> 
     </span>
    </p>
   </div>
  </div>
 </body>
</html>
