3082 4664
708 316 919 376 „52-

254 495 436 570 oonieotura
459 501 586 581 recedit,
610 501 744 585 denique
767 509 801 566 ut
827 509 901 585 apta
923 503 1081 568 sententia
1102 500 1215 566 evadat
1236 501 1376 587 postula-

253 627 331 673 mus.
365 605 478 672 Melius
501 617 533 671 et
550 605 728 671 sententiae
743 611 774 669 er
796 605 929 670 orationi
953 605 1152 690 prospexisse
1172 604 1247 670 mihi
1270 603 1377 670 videor

253 710 434 777 son'beudo:
457 712 481 774 εί
503 709 554 794 μὲν
577 710 625 774 οίνν
640 712 745 772 ἄπεισιν
759 730 766 744 ·
779 711 803 770 εἰ
816 707 847 772 δὲ
862 708 914 792 μὴ,
930 711 1013 793 ἡμεῖς
1028 709 1091 772 κτλ.
1126 707 1213 784 Quae
1229 709 1376 795 proposui

252 816 344 882 facile
367 817 603 901 intelleguntur:
627 814 659 878 Si
683 834 723 878 ex
745 815 844 878 oeulis
866 815 983 880 nostris
1006 815 1116 894 abibit,
1140 814 1221 879 bene
1244 821 1304 895 est3
1327 815 1376 879 sin

253 922 365 1002 minus,
388 920 470 985 male
493 940 563 984 earn
586 917 802 982 mulcabimus,

337 1023 465 1089 Praeter
486 1023 569 1088 huno
592 1021 726 1098 omissae
749 1019 896 1106 epodosis
918 1041 1009 1087 usum
1032 1019 1116 1106 apud
1132 1019 1375 1106 Aristophanem

251 1127 398 1213 exempta
419 1145 480 1192 non
497 1122 628 1206 desunt,
650 1125 682 1189 in
705 1124 817 1207 quibus
843 1125 971 1208 ineepta
997 1124 1097 1190 oratio
1123 1123 1251 1189 alterius
1275 1125 1375 1189 verbis

251 1231 454 1315 abrumpitur,
477 1240 512 1294 ut
533 1227 602 1294 sola
623 1229 758 1312 protasis
782 1232 893 1294 exstet.
939 1225 986 1293 ita
1006 1227 1039 1292 in
1061 1227 1118 1292 Au.
1142 1248 1188 1292 vs.
1211 1229 1273 1291 371

375 1335 398 1398 εί
419 1332 450 1396 δὲ
473 1332 525 1416 τὴν
549 1332 630 1418 φύσιν
653 1330 704 1415 μὲν
727 1331 835 1418 ἐχθροὶ,
859 1330 906 1393 τὸν
929 1329 960 1393 δὲ
974 1338 1039 1394 νοῦν
1054 1333 1119 1394 εἰσιν
1135 1332 1221 1418 φίλοι,

375 1439 421 1502 καί
443 1428 601 1512 διδάξοντές
621 1460 646 1501 τι
668 1436 743 1525 δεῦρ’
766 1440 880 1523 ἥκουσιν
903 1438 982 1521 ἡμᾶς
1004 1441 1157 1526 χρήσιμον;

250 1543 471 1610 fremebundus
494 1542 607 1609 chorus
629 1542 749 1629 Epopis
771 1562 949 1609 sermonem
972 1541 1013 1607 ad
1035 1543 1131 1608 finem
1153 1541 1282 1628 perduoi
1303 1562 1375 1629 pro·

250 1648 339 1714 hibet
364 1647 541 1713 vehementi
568 1648 825 1729 interrogatione:
858 1653 921 1717 πῶς
942 1644 1003 1709 δ’ἂν
1027 1643 1077 1710 oo’
1090 1647 1169 1732 ἡμᾶς
1190 1669 1215 1710 τι
1238 1650 1376 1735 χρήσιμον

249 1742 387 1826 διδάξειάν
409 1776 486 1829 ποτε,
516 1755 535 1837 ἢ
565 1759 715 1842 φράσειαν;
758 1751 920 1817 Dobraeus
949 1759 980 1816 et
1007 1750 1183 1818 Meinekius
1205 1753 1321 1820 iniuria
1352 1755 1377 1816 εί

248 1859 279 1923 δέ
302 1860 334 1924 in
357 1859 382 1922 οἱ
404 1859 435 1923 δέ
458 1860 572 1926 mutari
596 1857 768 1922 voluerunt.
813 1855 909 1921 Porro
937 1855 998 1920 hue
1019 1855 1176 1921 referendi
1199 1866 1272 1924 sunt
1294 1857 1375 1923 Pluti

250 1985 357 2030 versus
585 1961 658 2025 356.
837 1960 860 2023 εἷ
882 1982 907 2022 τι
929 1959 1082 2049 κεκλοφὼς
1104 1961 1139 2046 νὴ
1163 1963 1214 2025 Δία

277 2077 280 2084 ’
453 2068 562 2130 ἐκεῖθεν
585 2069 664 2152 ἥκεις
686 2066 813 2154 ἀργύριον
836 2066 856 2150 ὴ
879 2068 993 2154 χρυσίον

451 2175 528 2262 παρὰ
550 2179 600 2236 τοῦ
622 2174 701 2246 θεοῦ,
726 2169 832 2234 κᾶπειτ’
844 2172 914 2242 ἴσως
936 2195 979 2235 σοι
1001 2172 1163 2256 μεταμέλει.

305 2269 428 2348 Chrem.
447 2275 599 2344 ’Ἄπολλον
619 2281 796 2365 ἀποτρόπαιε,
820 2279 861 2360 μα’
884 2275 924 2340 Δί’
938 2276 994 2362 ἐγὼ
1017 2277 1068 2362 μὲν
1091 2279 1133 2342 οὔ.

247 2384 465 2471 Blopsiriemus
494 2384 601 2468 viginti
629 2385 770 2452 versibus
798 2389 869 2469 post
897 2403 959 2449 uss.
988 2385 1050 2447 377
1075 2395 1146 2469 sqq.
1179 2385 1309 2470 profert,
1342 2379 1375 2451 ut

247 2488 378 2568 videtur,
406 2488 492 2572 quid,
515 2489 540 2554 si
569 2485 753 2572 Ohremylus
776 2488 942 2572 peouniam
966 2486 1085 2554 furatus
1107 2488 1158 2570 sit,
1181 2489 1294 2572 exiguo
1317 2489 1374 2555 ad·

246 2591 374 2657 modum
397 2599 522 2677 sumptu
545 2611 601 2677 pro
624 2610 661 2656 eo
684 2591 843 2675 suscipere
865 2589 948 2656 velit.
994 2589 1096 2672 Aegre
1118 2590 1184 2657 fero
1207 2591 1289 2675 quod
1314 2592 1375 2657 hoo

246 2695 315 2760 loeo
341 2696 496 2760 Ranarum
522 2714 628 2759 versus
654 2693 884 2759 inextricabiles
907 2693 988 2758 iere:

401 2801 492 2863 1437.
517 2798 541 2861 εἴ
562 2819 603 2867 τις
625 2799 773 2885 πτερώσας
795 2797 964 2885 Κλεόκριτον
987 2797 1116 2883 Κινησίᾳ,
1212 2867 1217 2878 ,

517 2904 617 2991 αἴροιεν
641 2903 723 2990 αίιραι
745 2903 880 2987 πελαγίαν
904 2901 972 2991 ὑπὲρ
994 2904 1092 2967 πλάκα
1115 2939 1156 2950 -

401 3007 490 3074 Dion.
514 3009 622 3092 γέλοιον
645 3011 679 3071 ἂν
703 3009 825 3094 φαίνοιτο
840 3029 846 3044 ·
860 3015 924 3071 νοῦν
946 3007 971 3072 δ’
984 3009 1041 3095 ἔχει
1063 3011 1140 3092 uem

401 3115 471 3179 Eur.
495 3116 521 3177 εἰ
542 3121 722 3201 ναυμαχοῖεν,
746 3112 808 3177 κᾶτ’
821 3115 935 3201 ἔχοντες
958 3104 1054 3188 ὀξίδας

515 3220 632 3305 ῥαίνοιεν
654 3219 685 3289 ἐς
707 3221 743 3281 τοί
766 3219 899 3308 βλέφαρα
920 3227 978 3282 τῶν
1001 3219 1142 3283 ἐναντίων.
1286 3293 1288 3298 Ι

514 3323 569 3408 ἐγὼ
595 3323 645 3408 μὲν
668 3325 729 3388 οἶδα
744 3325 791 3388 καί
806 3326 887 3388 θέλω
911 3331 1046 3414 ρράζειν;
1069 3325 1161 3391 Dion.
1184 3324 1259 3407 tire.

244 3427 367 3492 silentio
396 3431 565 3512 praeterire
594 3450 656 3496 non
683 3449 824 3514 possnm;
854 3451 927 3496 narn
957 3441 991 3497 ut
1013 3449 1120 3495 verum
1141 3429 1251 3512 fatear,
1273 3430 1370 3495 etiam

244 3538 314 3613 post
337 3533 521 3598 novissimas
547 3533 679 3598 Vahleni
707 3553 798 3599 ouras
821 3540 941 3600 restant
963 3533 1172 3614 difficultates,
1195 3535 1368 3617 exquibus

244 3653 293 3696 uno
311 3637 371 3698 nnn
389 3637 464 3698 satis
482 3635 637 3721 expedivi.
673 3635 790 3714 Quodsi
815 3657 958 3702 versuum
975 3645 1162 3703 strueturam
1180 3638 1367 3720 quaerimus,

243 3757 305 3800 non
331 3737 448 3818 dubim,
472 3741 546 3822 quin
570 3761 609 3806 ex
635 3739 747 3805 Baoehi
778 3741 880 3806 verbis
908 3762 952 3806 vs.
983 3741 1065 3804 1435
1093 3741 1204 3804 εἴπατον
1229 3741 1368 3829 περὶτῆς

241 3843 363 3917 πόλεως,
392 3841 477 3928 ἥντιν’
491 3845 588 3931 ἔχετον
616 3847 758 3933 σωτηρίαν
787 3843 899 3909 eadem
927 3844 1073 3930 epodosis
1107 3846 1284 3933 supplenda
1316 3848 1366 3926 sit,

241 3968 320 4032 quae
345 3970 388 4013 vs.
414 3952 495 4013 1442>
520 3952 637 4036 scripta
663 3961 726 4016 est:
756 3950 897 4032 σωθεῖμεν
927 3952 970 4014 ἂν.
1013 3949 1103 4017 Haeo
1130 3952 1266 4017 omissae
1288 3970 1365 4036 apo-

241 4051 326 4118 dosis
349 4055 495 4138 exempla
517 4055 601 4140 apud
625 4055 865 4139 Aristophanem
891 4055 965 4122 mihi
988 4043 1199 4123 oeourrerunt.
1376 4063 1379 4070 “

328 4156 418 4222 Haud
451 4178 523 4222 rara
558 4168 630 4224 sunt
664 4158 809 4243 exempla
835 4160 866 4223 in
895 4160 1017 4242 quibus,
1045 4179 1115 4222 oum
1144 4160 1197 4223 uni
1233 4157 1364 4244 apodosi

240 4259 321 4325 dnae
345 4267 488 4345 protases
512 4261 730 4342 adiungantur,
747 4261 883 4326 difficilis
900 4263 940 4326 ad
957 4262 1203 4344 intellegendum
1222 4274 1269 4327 est
1285 4264 1363 4328 ratio
